2292 3684
737 100 972 145 annum
1007 101 1355 146 scuranum.
1518 91 1533 118 ⁰
1864 89 1969 146 867

121 211 327 288 quant.
359 199 644 266 Adrianus
667 199 810 264 dixit
841 224 854 261 ε
881 201 964 264 No
991 199 1130 284 quid
1158 205 1395 276 timeam
1426 201 1487 262 in
1512 221 1651 283 paco
1676 205 1833 264 enim
1859 206 1971 264 mi-

119 298 308 358 litant.
343 297 448 358 Cui
473 306 638 379 pater
661 295 804 358 dixit
835 317 848 354 ε
891 294 1162 357 Permitte
1190 316 1326 378 orgo
1354 315 1471 370 me,
1505 296 1747 357 Domine
1780 298 1969 378 impe-

119 401 308 466 rator,
334 390 422 452 vel
447 393 771 451 ministrum
798 410 1000 452 eorum
1025 409 1178 463 osso,
1208 399 1272 452 ut
1298 409 1395 450 eos
1423 389 1727 452 attendam.
1760 390 1970 452 Adria-

119 506 235 547 nns
263 486 401 547 dixit
432 507 446 545 ε
475 485 558 546 Ne
583 485 644 545 id
669 483 883 546 faciant
909 485 1020 558 dii,
1053 493 1118 546 ut
1143 493 1200 546 te
1234 483 1645 566 obsequentem
1685 485 1817 547 tiliis
1858 487 1971 547 tuis

121 580 364 654 saciam;
391 581 492 642 sed
518 580 628 641 vite
655 587 890 664 accepta
915 581 1174 642 centurio
1203 599 1405 642 eornm
1432 589 1572 642 osto.

212 685 323 736 14.
355 673 607 734 Adriano
645 674 1000 753 congiarium
1045 672 1219 734 dante
1258 671 1466 734 mulier
1502 673 1760 754 quoedam
1788 672 1974 734 excla-

119 769 334 828 mavit:
355 766 513 848 Rogo
540 773 620 838 te,
645 765 886 825 Domine
912 766 1252 846 imperator,
1278 774 1341 826 ut
1353 765 1561 844 jubeas
1587 765 1656 825 de
1682 769 1972 848 congiario

117 859 258 920 filii·
249 860 377 920 ·mei
418 858 542 920 dari
579 857 724 918 mihi
767 857 1008 940 aliquid,
1041 861 1315 941 quoniam
1346 861 1470 940 ipse
1497 877 1590 918 me
1615 859 1871 942 negligit.
1902 860 1973 919 Et

119 953 278 1014 filius
319 954 443 1033 ejus
487 951 714 1014 adstans
760 950 941 1012 dicit.
987 952 1134 1033 Ego,
1180 952 1423 1013 Domine
1472 955 1811 1033 imperator,
1852 972 1971 1014 non

119 1066 371 1131 agnosco
398 1065 527 1108 eam
555 1053 816 1108 matrem.
847 1043 1130 1106 Adrianus
1166 1043 1349 1106 dixit·
1333 1091 1349 1107 .
1391 1043 1447 1107 Si
1474 1053 1536 1106 tn
1567 1065 1694 1107 eam
1722 1067 1837 1108 non
1864 1068 1971 1128 ag-

119 1142 314 1202 noscis
343 1149 612 1214 matrem,
641 1157 750 1199 nec
777 1157 888 1222 ego
910 1145 966 1199 te
993 1140 1173 1199 civem
1200 1139 1545 1200 Romanum.

211 1241 328 1294 18.
344 1229 538 1293 Gaude
565 1185 673 1312 (l),
699 1239 884 1292 mater
903 1233 1119 1314 optima
1138 1237 1194 1292 et
1216 1232 1523 1295 carissima.
1544 1231 1792 1314 Quaeque
1819 1234 1977 1292 enim

81 1373 90 1380 .
121 1333 188 1388 tu
215 1326 352 1386 deos
383 1344 515 1387 oras
542 1343 648 1408 pro
676 1345 797 1400 me,
829 1332 882 1384 et
910 1345 1050 1436 ego
1042 1327 1239 1398 eadem
1262 1345 1369 1408 pro
1401 1333 1457 1386 te
1488 1345 1637 1388 oro.
1684 1335 1783 1388 tua
1819 1325 1973 1386 enim

123 1419 308 1500 pietas
349 1426 404 1480 et
439 1421 666 1481 castitas
703 1419 898 1478 omnia
937 1403 1100 1492 facit3
1133 1419 1352 1502 gaudeo
1377 1424 1591 1494 tamen,
1624 1439 1727 1502 per
1754 1419 1974 1479 Hercu-

123 1511 270 1586 lem,
303 1515 577 1595 quoniam
611 1531 737 1596 quae
775 1533 810 1573 a
845 1531 939 1574 me
973 1513 1143 1586 finnt,
1178 1515 1371 1574 omnia
1406 1513 1511 1574 tibi
1552 1521 1714 1596 grata
1753 1517 1885 1573 sunt
1920 1518 1976 1572 et

123 1604 458 1668 laudabilia.
507 1607 626 1668 Scis
671 1625 836 1690 ergo,
885 1607 1094 1682 mater,
1141 1605 1485 1668 hodiernum
1530 1605 1678 1668 diem
1720 1603 1974 1666 natalem

121 1719 324 1760 meum
358 1719 509 1773 esse,
541 1707 598 1762 et
631 1699 905 1761 debemus
945 1701 1186 1760 invicem
1220 1697 1305 1780 (2)
1338 1719 1559 1761 cenare.
1592 1699 1650 1760 Si
1679 1701 1764 1759 vis
1804 1717 1971 1780 ergo,

123 1800 384 1876 tompore
421 1812 554 1854 cum
588 1793 880 1854 sororibus
917 1789 1060 1854 meis
1105 1791 1223 1854 lota
1266 1795 1397 1854 veni
1430 1791 1687 1854 :Sabina
1719 1791 1875 1852 enim
1912 1793 1975 1852 in

121 1885 320 1948 villam
345 1885 603 1968 profecta
630 1893 748 1960 θείς
782 1885 880 1947 sed
914 1884 1243 1968 sportellam
1276 1887 1403 1968 ipsa
1436 1885 1606 1946 misit.
1636 1885 1777 1947 Vide
1802 1903 1970 1966 ergo,

121 1985 187 2040 ut
211 1977 454 2040 celerius
477 1981 699 2053 venias,
729 1988 794 2040 nt
820 1981 1108 2061 possimus
1133 1977 1443 2062 optabilem
1478 1978 1672 2060 (diem)
1704 1981 1765 2038 in
1792 1997 1975 2038 unum

123 2073 433 2135 celebrare.

210 2177 329 2228 le.
375 2167 506 2226 Fuit
542 2163 802 2247 qnoedam
839 2163 932 2225 lex
981 2163 1263 2245 ejusmodi
1307 2163 1576 2225 omnibus
1608 2161 1971 2239 hominibus,

120 2259 210 2320 uti
256 2259 358 2342 qui
399 2259 771 2339 parricidium
809 2257 1059 2333 fecisset,
1103 2255 1334 2341 publico
1374 2259 1433 2319 in
1480 2257 1726 2320 culleum
1770 2259 1975 2319 missus

119 2363 498 2415 consueretur
527 2372 660 2414 cum
693 2353 917 2434 vipera,
949 2357 1004 2412 et
1039 2353 1240 2426 simia,
1270 2359 1327 2412 et
1362 2349 1542 2434 gallo,
1576 2361 1631 2412 et
1658 2371 1833 2424 cane,
1861 2353 1972 2412 im-

118 2449 236 2531 piis
278 2443 625 2508 animalibus
665 2447 878 2528 impius
925 2446 1125 2518 homo,
1162 2455 1217 2507 et
1255 2447 1317 2506 in
1354 2443 1675 2528 planstrum
1708 2444 1975 2527 junctum

119 2540 306 2625 nigris
335 2540 550 2615 bobus,
580 2539 972 2622 depol-teretur
989 2537 1063 2598 ad
1087 2557 1275 2614 mare,
1302 2541 1440 2600 etin
1464 2537 1815 2620 profundum
1844 2539 1976 2599 mit-

122 2643 360 2698 teretur.
383 2633 765 2696 Ostendernnt
787 2633 1114 2718 exemplum
1134 2651 1337 2717 poenae,
1354 2642 1419 2696 ut
1438 2633 1621 2716 magis
1642 2635 1972 2697 timeant...-

125 2733 209 2793 sic
237 2729 468 2793 crudele
499 2749 645 2812 opus
672 2729 805 2792 fecit
829 2730 938 2812 (3).

192 2937 264 3004 (1)
243 2937 380 3004 )Μι
383 2935 450 2984 ιιιι

85 3003 272 3130 -83
299 2951 480 3114 {goul-lg?
494 3015 995 3112 υἶεωιιῖἶηὶοηιιηῖῗ.
957 3079 1032 3110 m
1053 3057 1199 3110 crude
1200 3059 1301 3110 leo
1302 3059 1571 3126 pntfioeut.
