2292 3684
167 134 289 175 πει.
313 133 438 174 mr.
477 134 528 175 ι..
559 136 604 188 1,
643 136 704 177 τ.
737 136 862 179 xit.
907 138 1082 185 Qum.
1123 136 1262 177 uon.
1290 136 1384 179 ms
1410 136 1635 179 Porssr.
1660 136 1873 179 somn.
1914 122 1971 175 st

201 236 294 296 Sed
319 258 382 297 ex
405 240 826 300 constitutione
869 250 1086 301 nostra
1133 240 1241 319 (l),
1282 260 1506 299 summa
1548 240 1870 320 patriciatus
1894 237 1987 297 di-

137 334 298 411 gnitas
326 331 472 391 illico
507 333 944 412 imperialibus
982 333 1260 393 codicillis
1289 336 1573 414 proestitis,
1603 332 1783 392 filium
1814 352 1849 391 a
1876 352 1985 412 pa·

134 428 228 483 trin
254 433 506 505 potestate
539 426 784 488 liberat.
822 428 976 499 Quis
1015 431 1176 487 enim
1206 431 1469 509 patiatur,
1501 416 1723 509 pafrem
1760 426 1985 506 quidem

129 538 282 598 posse
313 540 416 598 per
453 522 956 601 emancipationis
993 521 1235 581 modum
1276 542 1389 580 suae
1426 522 1711 601 potestatis
1748 519 1987 579 nexibus

127 610 297 671 filium
323 612 596 687 relaxare,
621 617 1082 695 imperatoriam
1116 623 1305 675 autem
1326 613 1717 675 celsitudinem
1746 632 1861 673 non
1890 634 1987 673 va-

123 704 238 765 lere
263 727 392 767 eum
421 730 592 789 quem
621 711 740 769 sibi
770 722 1005 791 patrem
1049 709 1245 791 elegit,
1277 708 1349 769 ab
1384 707 1571 768 aliena
1606 709 1851 769 eximere
1882 727 1986 789 po-

125 808 314 860 testate
347 800 476 881 (ΞΥ.)

199 904 272 953 5.
301 894 360 953 Si
387 894 466 954 ab
499 896 770 956 hostibus
797 907 1004 978 captus
1032 897 1205 956 fuerit
1235 916 1471 977 parens,
1504 895 1761 975 quamvis
1793 914 1987 957 sersus

123 986 371 1049 hostium
419 990 548 1059 flat,
609 1000 806 1051 tamen
866 992 1076 1072 pendet
1116 997 1213 1072 jus
1262 990 1577 1051 liberorum
1620 998 1853 1071 propter
1896 990 1987 1067 ius

123 1081 496 1159 poetliminii3
529 1088 672 1165 quia
699 1084 762 1144 hi
793 1087 894 1165 qui
922 1084 998 1144 ab
1029 1083 1285 1145 hostibus
1322 1086 1475 1165 capti
1502 1093 1661 1155 sunt,
1694 1085 1745 1143 si
1780 1083 1989 1141 reversi

123 1172 370 1247 suerint,
425 1180 628 1237 omnia
667 1180 917 1259 pristina
953 1180 1090 1257 jura
1127 1181 1423 1259 recipiunt.
1478 1177 1691 1242 Idcirco
1735 1195 1989 1236 reversus

123 1270 296 1327 etism
319 1268 550 1329 liberos
575 1268 816 1329 habebit
847 1272 910 1329 in
937 1280 1236 1351 potestate,
1270 1273 1407 1351 quia
1436 1269 1849 1351 postliminium
1878 1268 1986 1328 fin-

125 1363 202 1439 git
233 1382 374 1421 eum
402 1364 510 1442 qui
549 1371 752 1443 captus
789 1372 901 1434 est,
934 1382 1159 1444 semper
1184 1367 1243 1423 in
1282 1366 1503 1423 civitate
1533 1364 1723 1423 fuisse.
1763 1364 1821 1423 Si
1856 1364 1989 1421 vero

125 1454 204 1513 ihi
239 1454 582 1529 decesserit,
627 1456 830 1516 exinde
872 1477 940 1516 ex
975 1476 1088 1537 quo
1121 1466 1323 1537 captus
1364 1467 1449 1517 est
1492 1464 1673 1539 pater,
1713 1457 1863 1517 filius
1900 1459 1988 1517 sui

121 1550 268 1626 juris
297 1548 482 1609 fuisse
509 1549 748 1609 videtur.
783 1550 912 1631 Ipse
938 1570 1163 1631 quoque
1199 1550 1351 1610 filius
1389 1570 1635 1633 neposve
1663 1552 1711 1609 si
1753 1552 1825 1611 ab
1854 1550 1987 1610 hos·

126 1642 278 1704 tibus
303 1652 520 1724 captus
549 1643 738 1715 fuerit,
771 1644 1033 1705 similiter
1055 1644 1299 1706 dicimus
1326 1655 1561 1727 propter
1580 1647 1679 1724 jus
1707 1644 1988 1725 postlimi-

128 1737 240 1806 nii,
291 1742 400 1815 jus
467 1755 701 1818 quoqne
755 1740 1046 1818 potestatis
1095 1740 1351 1820 parentis
1402 1740 1463 1797 in
1516 1757 1793 1818 suspenso
1849 1758 1983 1797 esse.

131 1830 352 1890 Dictum
399 1840 490 1890 est
531 1839 722 1891 autem
769 1830 1183 1913 postliminium
1226 1852 1261 1891 a
1308 1850 1497 1892 umus
1544 1840 1599 1892 et
1646 1850 1782 1891 rosr.
1834 1831 1989 1891 Unde

131 1942 255 1982 enm
285 1926 422 2005 qui,
460 1922 538 1983 ab
565 1922 826 1984 hostibus
855 1932 1078 2004 captus,
1106 1927 1167 1984 in
1196 1925 1339 1985 fines
1366 1935 1589 1985 nostros
1632 1931 1825 2007 postea
1854 1945 1987 2003 per-

131 2016 304 2087 tenit,
351 2015 716 2096 postliminio
769 2034 1055 2076 reversum
1098 2026 1249 2077 recte
1294 2016 1563 2089 dicimus;
1608 2036 1745 2076 num
1789 2016 1990 2077 limina

131 2112 270 2170 sient
295 2112 364 2169 in
405 2109 679 2171 domibus
716 2110 893 2170 finem
922 2109 1224 2192 quemdam
1263 2110 1504 2184 faciunt,
1546 2112 1626 2170 sic
1672 2118 1725 2170 et
1765 2112 1991 2192 imperii

137 2204 302 2263 finem
331 2202 518 2263 limen
563 2224 683 2263 esse
721 2212 936 2263 veteres
971 2204 1287 2265 voluerunt.
1330 2204 1477 2265 Hinc
1505 2212 1560 2263 et
1604 2202 1767 2263 limes
1811 2202 1993 2263 dictus

139 2306 240 2369 est,
269 2298 448 2379 quasi
487 2296 620 2357 finis
656 2296 896 2379 quidam
933 2306 986 2358 et
1018 2300 1314 2359 terminus.
1346 2294 1437 2357 Ab
1474 2316 1541 2357 eo
1581 2296 1992 2377 postliminium

143 2532 234 2578 dari
258 2533 424 2595 jussus
462 2546 610 2587 esset3
641 2534 839 2579 servitus
870 2532 1055 2595 quidem
1091 2546 1191 2579 erat
1225 2546 1270 2579 et
1304 2532 1365 2579 ab
1404 2534 1605 2597 antiquis
1644 2532 1993 2596 legislatoribus

145 2598 310 2641 sancita
331 2608 384 2643 et
405 2612 464 2643 es
481 2595 724 2659 supplicio
740 2596 900 2652 illats;
919 2596 1219 2657 separabatur
1238 2612 1349 2643 vero
1368 2597 1737 2651 matrimonium,
1758 2596 1990 2658 supplicio

143 2658 404 2719 possidente
430 2659 710 2705 damnatum
741 2658 926 2721 sibique
950 2661 1231 2705 servientem.
1268 2660 1358 2705 Nos
1384 2671 1536 2705 autem
1566 2658 1653 2705 hoc
1686 2661 1993 2711 remittimus,

144 2734 184 2765 et
211 2721 404 2767 nullum
441 2722 506 2767 ab
539 2724 671 2767 initio
706 2721 828 2767 bene
861 2732 1072 2767 ustorum
1099 2736 1151 2765 ex
1176 2722 1402 2783 supplicio
1425 2722 1738 2783 permittimus
1766 2722 1863 2765 lieri
1894 2736 1994 2765 ser-

147 2800 246 2829 vum
247 2818 348 2832 .....
373 2785 567 2831 Manen
589 2786 736 2845 igitur
762 2785 1107 2829 matrimonium
1141 2782 1231 2829 hoc
1257 2782 1369 2829 nihil
1398 2800 1450 2829 ex
1483 2783 1562 2830 tali
1588 2784 1778 2831 decreto
1800 2783 1961 2830 laesum
1979 2816 1998 2839 ,

149 2858 190 2891 at
209 2858 317 2907 pote
337 2848 470 2893 inter
494 2846 666 2893 liberas
689 2862 910 2909 personas
929 2848 1196 2893 consistens.
1227 2867 1247 2886 ι
1273 2846 1389 2895 Nou.
1414 2848 1493 2905 22,
1511 2862 1613 2909 cap.
1634 2850 1679 2895 8.

203 2910 274 2969 (l)
291 2912 354 2957 V.
387 2910 442 2955 L.
467 2912 515 2964 5.
537 2914 611 2963 0.,
634 2908 708 2955 De
731 2909 904 2957 consul.
931 2908 1040 2969 (ιιι,
1059 2912 1124 2971 3).

203 2976 266 3029 (2)
297 2990 324 3015 ι
355 2974 602 3018 Sancimus
627 2982 680 3018 ut
707 2973 864 3018 omnis
881 2972 987 3016 talis
1007 2970 1199 3033 dignitas
1216 2969 1475 3032 (consulis),
1496 2984 1577 3017 aut
1598 2973 1734 3017 etiam
1754 2970 1995 3033 cingulum

159 3034 374 3095 {przfecti
400 3046 446 3079 et
466 3036 672 3095 magistri
701 3034 916 3089 militam)
922 3066 1014 3082 .....
1038 3034 1166 3096 quod
1190 3050 1268 3079 eos
1291 3033 1455 3079 liberet
1484 3049 1512 3079 a
1544 3036 1697 3089 curia,
1730 3032 1817 3079 hoc
1844 3034 1997 3079 valeat

159 3108 196 3140 et
213 3108 264 3141 ut
286 3108 519 3157 potestate
543 3111 624 3142 eos
651 3094 822 3142 liberet
850 3108 1035 3158 patrum
1055 3109 1193 3159 atque
1214 3112 1490 3144 avorum....
1512 3100 1615 3142 Non
1644 3095 1865 3142 volumus
1886 3112 1993 3141 eum

161 3164 228 3219 qui
251 3162 314 3205 ita
339 3174 434 3204 ωε
457 3161 704 3219 potestatis
723 3158 775 3204 fit
791 3192 804 3211 .
833 3158 1026 3221 perdere
1051 3158 1241 3221 aliquod
1264 3159 1573 3220 legitimorum
1592 3160 1725 3218 jus...
1746 3171 1791 3202 et
1814 3158 1895 3201 tilii
1916 3174 1995 3201 eo-

161 3236 251 3265 rum
274 3234 378 3283 post
405 3232 608 3266 mortem
625 3236 830 3267 avorum
853 3220 941 3267 sub
965 3232 1126 3267 corum
1153 3221 1364 3267 recidant
1385 3231 1659 3283 potestatem
1675 3253 1687 3273 ,
1712 3234 1764 3263 nc
1787 3220 1821 3262 si
1844 3220 1997 3263 conti·

163 3286 282 3343 gisset
306 3298 480 3329 eorum
503 3296 718 3345 parentes
746 3297 900 3330 morte
929 3298 1124 3328 suorum
1152 3296 1336 3343 patrum
1368 3294 1419 3328 et
1452 3298 1547 3329 non
1574 3296 1629 3327 ex
1656 3281 1870 3343 praesenti
1896 3278 1999 3336 lege

171 3359 248 3391 sut
262 3348 506 3410 potestatis
523 3346 643 3394 fieri.
673 3368 694 3389 ι
723 3348 846 3394 Nou.
878 3349 960 3403 81,
979 3344 1113 3409 proefi
1139 3353 1185 3391 et
1208 3360 1309 3407 cap.
1335 3348 1384 3392 2.

1674 3416 1726 3469 5.
