2292 3684
313 94 379 148 ot
563 104 680 147 cm
709 105 856 147 ius‘r.
895 105 946 146 c.
979 105 1016 160 1,
1059 93 1116 159 §5
1141 93 1331 148 94-99.
1373 108 1445 149 ns
1473 107 1890 153 Anontomaus.

310 217 422 268 tate
451 209 784 292 qjussiunt,
813 227 987 289 quam
1006 212 1059 270 si
1079 211 1397 290 imperator
1424 229 1512 271 eos
1538 213 1603 270 in
1621 217 1961 290 potestatem
1980 208 2145 269 rede-

311 304 482 384 gerit3
517 302 668 383 quod
703 304 780 360 ita
817 301 1044 361 demum
1071 305 1117 362 is
1158 303 1318 376 facit,
1361 305 1411 362 si
1449 323 1619 363 causa
1646 305 1871 384 cognita
1897 305 2147 363 oestima-

311 396 452 454 verit
489 393 597 453 hoc
631 393 762 453 liliis
791 393 1053 473 expedire
1096 414 1109 452 ε
1146 393 1469 476 diligentius
1505 404 1673 476 atque
1715 397 1961 454 exactius
1992 396 2149 454 enim

311 508 542 549 causam
577 489 863 568 cognoscit
896 487 964 548 de
1006 489 1405 570 impuberibus
1433 489 1904 572 absentibusque3
1938 498 1991 550 et
2028 488 2149 549 haec

309 583 390 640 ita
408 581 586 642 edicto
606 581 720 640 divi
739 580 1013 640 Hadriani
1033 582 1443 662 significantur.
1488 594 1603 644 94.
1628 585 1766 643 Item
1788 586 1837 643 si
1864 585 1991 664 quis
2016 604 2151 644 cum

313 695 487 735 uxore
517 683 842 755 praegnante
870 675 1090 735 civitate
1118 675 1378 737 Romana
1404 677 1647 737 donatus
1676 679 1777 751 sit,
1812 678 2072 759 quamvis
2103 681 2151 736 is

312 771 411 849 qui
438 771 706 840 nascitur,
729 775 791 826 ut
809 787 984 848 supra
1004 767 1247 829 diximus
1260 817 1280 846 ,
1314 769 1496 851 (civis)
1520 773 1810 831 Romanus
1838 773 1927 845 sit,
1956 781 2151 831 tamen

311 865 370 922 in
413 871 681 944 potestate
705 862 898 942 'patris
932 882 1050 921 non
1078 863 1170 934 fit;
1210 865 1381 947 idque
1420 865 1837 948 subscriptione
1882 867 1994 926 divi
2032 867 2155 924 Ha-

312 958 498 1018 driani
542 954 910 1037 significatur.
959 958 1081 1029 Qua
1122 958 1193 1017 de
1226 977 1425 1030 causa,
1467 960 1565 1040 qui
1610 959 1871 1041 intelligit
1914 979 2154 1018 uxorem

311 1071 476 1112 suam
523 1070 642 1110 esse
692 1059 1104 1132 praegnantem,
1146 1051 1282 1111 dum
1322 1055 1599 1114 civitatem
1634 1052 1745 1113 sibi
1782 1062 1837 1114 et
1874 1055 2036 1112 uxori
2074 1051 2152 1112 ab

311 1149 653 1228 imperatore
693 1149 858 1226 petit,
900 1145 1071 1205 simul
1105 1145 1179 1206 ab
1218 1147 1412 1207 eodem
1452 1157 1639 1228 petere
1674 1147 1875 1220 debet,
1918 1155 1980 1208 ut
2016 1167 2153 1208 eum

313 1241 412 1320 qui
453 1246 618 1300 natus
653 1241 758 1299 erit
794 1241 853 1297 in
893 1247 1167 1320 potestate
1212 1261 1317 1300 sua
1354 1239 1581 1304 habeat.
1643 1253 1763 1304 θ5.
1805 1241 1934 1302 Alia
1978 1261 2155 1302 causa

311 1343 396 1394 est
420 1353 616 1393 eorum
648 1333 749 1414 qui
775 1333 958 1392 Latini
985 1343 1117 1396 sunt
1139 1381 1154 1405 ,
1187 1343 1244 1396 et
1269 1355 1400 1395 cum
1420 1333 1614 1396 liberis
1636 1337 1753 1395 suis
1774 1335 1847 1396 ad
1868 1337 2153 1396 civitatem

311 1429 630 1488 Romanam
644 1429 980 1508 perveniunt
994 1451 1008 1499 ;
1026 1448 1165 1488 nam
1183 1429 1391 1490 horum
1404 1433 1471 1494 in
1472 1438 1757 1511 potestate
1757 1427 1927 1510 fiunt
1943 1428 2111 1490 liberi
2134 1451 2149 1490 ε

312 1522 464 1604 quod
473 1526 570 1603 jus
599 1520 943 1605 quibusdam
957 1525 1286 1606 peram-inis
1292 1567 2148 1588 ..............

310 1718 552 1769 θα
587 1709 978 1789 magistratum
1015 1715 1249 1788 gerunt,
1288 1708 1569 1769 civitatem
1601 1708 1919 1770 Romanam
1944 1727 2157 1770 conse-

312 1811 566 1882 quuntur
583 1847 599 1874 ‚
630 1803 822 1860 minus
845 1799 1027 1859 latum
1054 1809 1168 1870 est,
1200 1819 1332 1860 cum
1356 1800 1421 1860 hi
1446 1810 1663 1861 tantum
1694 1803 1794 1883 qui
1820 1800 1910 1860 vel
1934 1803 2157 1882 magis-

313 1901 525 1954 tratum
552 1893 638 1954 vel
673 1892 948 1952 honorem
979 1902 1214 1974 gerunt,
1252 1893 1325 1953 ad
1353 1895 1633 1956 civitatem
1671 1894 1986 1954 Romanam
2016 1915 2159 1974 per-

314 1991 548 2049 veniunt
563 2009 577 2046 :
602 1987 769 2068 idque
781 1985 1171 2066 compluribus
1181 1985 1431 2068 epistolis
1444 1989 1766 2072 principum
1778 1987 2150 2070 significatur.

395 2092 510 2142 ov,
553 2081 686 2142 Non
719 2076 902 2140 solum
941 2087 1136 2140 autem
1170 2080 1467 2143 naturales
1506 2080 1701 2161 liberi,
1733 2081 2043 2145 secundum
2084 2103 2156 2144 ea

315 2193 440 2257 quw
479 2173 754 2242 diximus,
796 2173 860 2232 in
894 2180 1171 2254 potestate
1209 2183 1402 2234 nostra
1436 2182 1593 2248 sunt,
1638 2195 1834 2236 verum
1875 2176 2051 2236 etiam
2090 2173 2156 2234 hi

318 2287 461 2350 quos
490 2267 846 2348 adoptamus.

396 2371 510 2421 θΘ.
543 2358 785 2440 Adoptio
813 2365 1001 2418 autem
1029 2357 1253 2420 duobus
1278 2359 1461 2420 modis
1488 2359 1552 2421 fit
1569 2406 1586 2434 ,
1617 2368 1716 2420 aut
1742 2359 1941 2443 populi
1958 2369 2154 2422 aucto—

316 2457 506 2527 ritate,
531 2460 628 2513 aut
644 2453 886 2533 imperio
907 2454 1292 2534 magistratuS‚
1314 2453 1465 2515 velut
1485 2456 1755 2536 praetoris.
1802 2465 1917 2517 θθ.
1942 2455 2151 2536 Populi

319 2548 645 2608 auctoritate
673 2544 1010 2626 adoptamus
1041 2565 1136 2606 eos
1164 2547 1264 2628 qui
1289 2549 1380 2608 sui
1399 2550 1547 2630 juris
1575 2558 1707 2611 sunt
1740 2573 1754 2609 z
1788 2570 1909 2631 quoe
1936 2550 2157 2631 species

319 2643 639 2724 adoptionis
665 2640 870 2700 dicitur
897 2639 1217 2722 adrogatio,
1249 2644 1383 2722 quis,
1409 2651 1465 2703 et
1492 2645 1541 2702 is
1568 2646 1666 2725 qui
1692 2643 1946 2725 adoptat,
1979 2662 2156 2724 roga·-

319 2747 441 2808 tur‚
477 2734 536 2794 id
556 2743 664 2807 est,
705 2735 1086 2815 interrogatur
1125 2753 1201 2794 an
1237 2734 1369 2796 velit
1402 2755 1535 2798 eum
1574 2757 1745 2819 quem
1784 2737 2157 2820 adoptaturus

319 2835 392 2891 sit
411 2832 630 2910 justum
655 2827 764 2888 sibi
785 2827 969 2890 filium
997 2850 1140 2904 esse3
1177 2839 1230 2891 et
1256 2834 1305 2892 is
1332 2835 1433 2914 qui
1460 2833 1785 2916 adoptatur,
1815 2842 2050 2915 rogatur
2076 2853 2153 2895 an

322 2925 376 2984 id
401 2924 521 2983 fleri
551 2926 826 3006 patiatur3
853 2933 908 2984 et
935 2924 1182 3006 populus
1208 2936 1442 3010 rogatur
1462 2949 1535 2988 an
1563 2927 1621 2988 id
1644 2928 1769 2988 fieri
1786 2926 2003 3009 jubeat.
2037 2928 2155 2987 Im-

318 3019 478 3100 perio
506 3021 864 3099 magistratus
892 3017 1227 3098 adoptamus
1254 3041 1351 3081 eos
1383 3024 1481 3101 qui
1519 3023 1579 3081 in
1622 3030 1896 3102 potestate
1936 3041 2143 3103 paren-

319 3114 458 3172 tium
514 3118 671 3180 sunt,
721 3111 835 3169 sive
881 3112 1133 3191 primum
1182 3112 1421 3192 gradum
1470 3111 1781 3172 liberorum
1828 3112 2150 3186 obtineant,

318 3204 503 3285 qualis
532 3212 614 3263 est
641 3203 789 3263 filius
823 3213 876 3262 et
903 3202 1046 3270 filia,
1085 3205 1202 3263 sive
1230 3205 1586 3277 inferiorem,
1620 3206 1803 3287 qualis
1830 3217 1911 3266 est
1938 3227 2150 3288 nepos,

324 3301 533 3379 neptis,
565 3316 850 3380 pronepos
869 3341 885 3372 ,
915 3299 1225 3378 proneptis.

2282 2809 2292 2888 1
