2292 3684
395 86 501 143 2⁴0
610 98 729 140 um
761 98 906 140 mer.
945 98 994 139 c.
1036 98 1108 155 11,
1149 82 1215 155 ἕξ
1248 83 1481 139 98-103.
1522 96 1593 137 ως
1616 92 2013 137 Tantumne.
2112 122 2119 127 .

391 200 488 281 jus
519 220 631 280 quo
660 208 714 260 et
737 202 865 281 ipso
892 198 1142 282 singulas
1173 219 1263 260 res
1297 201 1681 282 adquirimus,
1710 198 2109 282 opportunius
2144 195 2219 257 al

398 293 523 354 loco
549 294 881 360 referemus.
915 294 1217 356 Videamus
1249 296 1437 376 itaque
1466 314 1647 374 nunc,
1680 293 1890 376 quibus
1916 290 2123 353 modis
2154 312 2219 372 p·

399 386 825 448 universitatem
865 406 955 447 res
999 385 1168 448 nobis
1208 386 1597 467 adquiruntur.
1629 396 1744 449 ῦς.
1778 385 1837 446 Si
1872 386 1964 446 cui
1992 383 2219 444 hered-

397 479 532 540 facti
561 500 776 554 sumus,
806 482 922 541 sire
949 481 1110 560 cujus
1139 478 1422 541 bonorum
1446 480 1857 561 possessionem
1878 478 2218 558 petierimus

396 574 515 633 sire
541 573 704 653 cujus
733 573 886 634 bona
913 577 1238 646 emerimns,
1269 574 1384 633 sive
1410 590 1581 654 quem
1609 571 2109 654 adrogaverimus,
2138 572 2219 629 sii

400 684 576 747 quam
605 668 666 725 in
691 685 931 726 manum
958 675 1020 726 ut
1047 685 1282 727 uxorem
1310 667 1713 747 receperimus,
1743 667 1867 747 ejus
1893 683 1984 724 res
2012 663 2101 724 ad
2150 684 2219 723 n«

399 767 717 822 transeunt.
769 770 886 821 00.
933 760 1012 821 Ac
1065 762 1223 843 prins
1266 760 1337 821 de
1378 757 1783 820 hereditatibus
1830 757 2219 838 dispiciamus

401 872 647 936 quarum
682 853 892 937 duplex
926 855 1172 917 conditio
1204 861 1288 915 est
1318 877 1331 914 z
1358 874 1493 913 nam
1522 852 1608 914 vel
1648 874 1717 914 ex
1750 859 2129 925 testamento,
2174 874 2215 912 v

401 947 478 1009 ab
503 950 764 1010 intestato
787 949 859 1009 ad
887 968 990 1010 nos
1015 950 1311 1031 pertinent.
1352 958 1511 1011 10⁰.
1544 948 1612 1007 Et
1642 949 1799 1029 prius
1826 954 1927 1020 est,
1952 955 2018 1007 nt
2046 946 2127 1007 de
2164 946 2213 1007 h

401 1042 764 1125 dispiciamus
795 1064 920 1127 qno
953 1044 1120 1107 nobis
1146 1064 1217 1105 ex
1242 1052 1578 1105 testamento
1602 1042 1927 1103 obveniunt.

895 1444 1166 1506 ΰιιηικυο,
1190 1442 1494 1506 Frayment.
1521 1442 1652 1505 XX,
1682 1448 1727 1492 t.

469 1558 842 1610 Testamentum
865 1558 941 1610 est
967 1557 1151 1609 mentis
1168 1557 1354 1609 nostrai
1375 1556 1514 1623 iusta
1540 1558 1868 1625 contestatio,
1898 1558 1949 1611 in
1976 1556 2025 1609 id
2053 1558 2219 1611 solen

405 1638 537 1689 niter
562 1638 693 1690 tacta
710 1676 728 1703 ‚
749 1640 808 1689 ut
829 1637 945 1703 post
967 1638 1182 1689 mortem
1204 1639 1425 1689 nostram
1447 1636 1632 1689 valeat.

489 1770 652 1826 ΙΦΙ.
685 1762 1175 1823 Testamentorum
1199 1768 1386 1823 autem
1416 1780 1625 1843 genera
1650 1762 1814 1823 initio
1837 1761 1952 1825 dno
1983 1763 2219 1825 suerunt

403 1857 550 1919 Nam
595 1865 692 1919 ant
731 1854 926 1917 calatis
966 1856 1207 1917 comitiis
1250 1853 1567 1927 faciebant,
1605 1875 1731 1935 qun
1772 1858 2001 1917 comitia
2046 1857 2141 1917 bis
2184 1860 2217 1919 i]

404 1968 560 2010 anno
595 1950 945 2011 testamentis
991 1946 1262 2009 faciendis
1304 1947 1584 2009 dutiuata
1620 1948 1815 2017 erant}
1856 1957 1955 2009 aut
1986 1950 2049 2009 in
2100 1970 2215 2030 pro

403 2043 610 2113 cinctu,
639 2040 698 2101 id
724 2050 826 2113 est,
857 2061 985 2103 cum
1011 2039 1146 2101 belli
1168 2060 1341 2101 causa
1367 2042 1441 2100 ad
1468 2061 1721 2122 pugnam
1758 2040 1943 2115 ibant;
1976 2045 2215 2123 proeinc

401 2144 495 2195 tus
511 2146 596 2197 est
619 2139 773 2197 enim
799 2134 1091 2216 expeditus
1107 2142 1164 2195 et
1180 2144 1432 2195 armatus
1448 2136 1741 2197 exercitus.
1762 2134 2014 2197 Alterum
2040 2137 2212 2217 itaqu.

403 2232 462 2291 in
501 2248 640 2309 pace
679 2237 736 2291 et
772 2231 832 2291 in
861 2232 976 2290 otio
1003 2226 1319 2299 faciebant.
1350 2226 1590 2289 alterum
1628 2230 1687 2287 in
1718 2228 1975 2309 praelium
2008 2230 2213 2291 exituri

409 2333 572 2385 100.
607 2322 850 2385 Accessit
872 2320 1076 2384 deinde
1103 2323 1333 2383 tertium
1360 2340 1539 2403 genus
1570 2325 1885 2383 testamenti
1906 2342 1927 2397 ,·
1954 2322 2106 2404 quod
2134 2344 2211 2403 pa

403 2436 478 2477 ως
503 2427 558 2477 et
597 2415 804 2477 libram
831 2417 1034 2498 agitur.
1064 2414 1173 2488 Qui
1210 2435 1395 2496 neque
1426 2413 1621 2477 calatis
1656 2417 1923 2491 comitiis,
1956 2437 2139 2499 neque
2176 2420 2211 2481 il

401 2513 696 2592 procinctu
729 2520 1124 2573 testamentum
1156 2508 1382 2583 fecerat,
1412 2510 1489 2582 is,
1519 2511 1569 2571 si
1594 2508 1783 2571 subita
1813 2518 1993 2573 morte
2018 2532 2209 2595 urguo

399 2605 596 2677 batur,
629 2608 812 2669 amico
849 2604 1124 2667 familiam
1160 2623 1359 2675 suam,
1394 2602 1451 2663 id
1478 2611 1591 2676 est,
1632 2605 2033 2684 patrimonium
2062 2600 2208 2671 suun'

400 2700 686 2781 mancipio
714 2698 916 2771 dabat,
952 2717 1197 2778 eumque
1224 2696 1487 2776 rogabat,
1518 2696 1655 2777 quid
1680 2702 1883 2779 cuique
1918 2706 2041 2780 post
2076 2696 2207 2778 moti¹

399 2801 513 2853 tem
549 2812 711 2851 suam
752 2791 876 2850 dari
914 2789 1091 2851 veliet.
1146 2789 1309 2864 Quod
1347 2798 1739 2850 testamentum
1777 2791 1979 2852 dicitur
2019 2812 2121 2871 per
2155 2812 2205 2873 q

401 2896 456 2947 et
508 2884 742 2959 libram,
793 2882 1003 2945 scilicet
1056 2885 1191 2964 quia
1241 2904 1344 2964 per
1396 2885 1873 2963 mancipationem
1922 2884 2205 2967 peragitur

403 2990 565 3043 10³.
597 2980 703 3041 Sed
747 2979 844 3039 ilia
879 2978 1108 3060 quidem
1147 2978 1261 3038 duo
1289 2998 1497 3059 genera
1534 2987 1997 3043 testamentorum
2038 2982 2093 3040 in
2124 2982 2203 3043 deff

395 3073 753 3134 suetudinem
797 3072 1090 3143 abierunt;
1131 3071 1239 3132 hoc
1282 3092 1414 3133 vero
1456 3073 1669 3145 solum,
1720 3075 1870 3156 qnod
1914 3095 2014 3156 per
2054 3096 2125 3135 aes
2166 3096 2203 3139 a

394 3164 604 3225 libram
635 3164 732 3237 tit,
767 3168 827 3225 in
875 3184 982 3224 usu
1029 3173 1311 3225 retentum
1350 3176 1452 3227 est.
1496 3165 1646 3227 Sane
1688 3187 1841 3229 nunc
1876 3167 2035 3228 aliter
2070 3158 2201 3231 ordi*¹

393 3268 593 3335 natur,
622 3268 793 3343 atque
823 3259 962 3321 oiim
987 3258 1207 3322 solebat
1236 3282 1251 3323 t
1282 3280 1529 3342 namque
1556 3260 1692 3323 oiim
1718 3262 1948 3325 familiia
1974 3274 2199 3346 emptor.
