2292 3684
315 55 422 112 852
610 67 822 110 luniso.
861 65 1067 108 Fue-n.
1109 65 1185 106 81
1222 61 1584 106 common.
1624 59 1854 104 uuum.
2270 9 2272 110 A

313 187 560 251 pemque
604 167 970 229 violationem
1007 156 1343 249 compellat,
1376 185 1502 246 quae
1536 166 1649 226 sint
1681 172 1873 245 partes
1910 163 2165 246 praesidis
2270 137 2272 194 Ὗ

314 281 384 322 ex
408 263 682 343 rescripto
705 260 818 320 divi
837 261 922 319 Pii
943 260 1012 319 ad
1033 259 1328 321 Aurelium
1352 259 1709 318 Marcianum
1724 303 1737 326 .
1762 257 2163 339 proconsulem

313 353 553 426 Baeticae,
599 352 998 414 manifestatur
1033 375 1047 413 ε
1099 355 1261 433 cujus
1302 353 1563 432 rescripti
1608 349 1784 411 verba
1825 351 1951 412 haec
1988 361 2160 410 sunt:

311 461 383 513 π.
416 475 441 505 α
461 451 838 511 Dominarum
865 449 1097 532 quidem
1120 457 1455 531 potestatem
1485 450 1545 507 in
1574 467 1708 508 suos
1734 468 1928 510 servos
1956 448 2164 509 inliba-

316 569 342 600 ιο
373 553 489 604 tam
523 563 643 606 esse
676 551 930 626 oportet,
962 563 1068 604 nec
1105 545 1375 624 cuiquam
1409 541 1711 602 hominum
1730 544 1828 622 jus
1854 563 2035 603 snum
2068 542 2162 603 de-

315 665 342 695 »
368 638 539 700 trahi.
573 638 681 699 Sed
709 637 1345 700 dominorum¹interest
1370 659 1443 698 ne
1470 637 1750 698 auxilium
1777 646 1983 698 contra
2011 640 2163 698 soevi-
2270 639 2272 670 ¹

312 756 337 787 n
369 732 541 804 tiam,
573 730 661 793 vel
699 731 939 805 famem,
969 732 1059 792 vel
1095 730 1515 793 intolerabilem
1552 731 1827 812 injuriam
1856 730 2163 813 denegetur

312 849 339 879 n
368 822 477 897 his,
493 827 592 906 qui
610 827 764 905 juste
785 824 1178 906 deprecantur.
1226 835 1289 886 8.
1312 822 1555 905 Ideoque
1576 842 1853 905 cognosce
1872 823 1945 884 de
1958 844 2163 905 quere-

316 943 341 972 „
369 915 442 976 lis
465 936 695 991 eorum,
715 918 814 999 qui
842 936 910 977 ex
941 917 1164 978 familia
1189 918 1327 978 Julii
1355 917 1555 978 Sabini
1584 917 1655 977 ad
1684 926 1935 978 statuam
1962 917 2161 978 confu-

317 1037 342 1067 η
371 1019 614 1093 gerunt,
653 1019 708 1072 et
739 1015 788 1072 si
825 1011 913 1072 vel
949 1012 1146 1072 durius
1182 1011 1435 1086 habitos,
1468 1033 1641 1094 quam
1669 1032 1899 1094 oequum
1932 1019 2050 1085 est,
2080 1010 2163 1072 vel

312 1130 338 1160 n
372 1104 575 1165 infami
614 1107 847 1188 injuria·
874 1105 1123 1167 adfectos
1170 1109 1532 1189 cognoveris,
1568 1107 1762 1167 venire
1791 1104 1969 1187 jube,
2004 1114 2067 1165 ut
2105 1107 2161 1164 in

313 1223 339 1254 n
371 1205 704 1279 potestatem
737 1195 936 1259 Sabini
963 1219 1078 1258 non
1107 1207 1478 1261 revertantur.
1513 1198 1677 1272 Quod
1706 1201 1751 1259 si
1780 1218 1923 1260 meae
1950 1201 2159 1260 consti-

313 1313 339 1345 »
369 1292 575 1350 tutioni
631 1290 891 1352 fraudem
941 1291 1162 1368 fecerit,
1212 1298 1347 1354 sciet
1397 1313 1489 1354 me
1547 1292 1861 1352 admissum
1915 1295 2161 1352 severius

317 1409 343 1438 a
371 1393 788 1445 exsecuturum.
809 1411 832 1441 n
861 1397 930 1448 4.
945 1386 1118 1446 Divus
1133 1388 1306 1448 etiam
1326 1385 1650 1447 Hadrianus
1666 1385 1945 1445 Umbram
1964 1405 2163 1466 quam·

310 1475 444 1537 dam
468 1487 790 1540 matronam
819 1481 878 1538 in
909 1482 1370 1562 quinquennium
1402 1479 1705 1561 relegavit,
1728 1479 1885 1562 quod
1907 1499 1979 1540 ex
2006 1478 2163 1541 levis·

313 1568 472 1627 sImis
499 1571 684 1629 causis
713 1567 947 1629 ancillas
976 1572 1330 1630 atrocissime
1366 1577 1647 1630 tractaret.
1734 1578 1806 1629 5.
1832 1569 1975 1629 Item
2004 1568 2165 1628 divus

311 1659 446 1720 Pius
471 1660 544 1721 ad
569 1661 829 1722 libellum
855 1662 986 1722 Alfii
1011 1663 1150 1723 Julii
1179 1664 1467 1744 rescripsit
1489 1662 1611 1724 haec
1640 1661 1815 1723 verba
1845 1686 1859 1722 z
1906 1687 1932 1716 ι
1958 1662 2162 1724 Servo-

319 1780 344 1810 »
371 1773 501 1815 rum
537 1753 877 1835 obsequium
917 1775 1034 1816 non
1077 1755 1265 1817 solum
1302 1757 1573 1839 imperio,
1606 1755 1705 1816 sed
1746 1755 2159 1828 moderatione,

317 1871 344 1904 n
373 1854 429 1907 et
469 1845 883 1908 sufficientibus
927 1847 1208 1931 proebitis,
1254 1856 1309 1909 et
1347 1851 1517 1931 justis
1570 1847 1839 1930 operibus
1886 1851 2165 1910 contineri

309 1967 336 1997 n
373 1950 614 2024 oportet.
699 1953 768 2004 e.
791 1943 988 2024 ltaque
1016 1951 1072 2004 et
1098 1944 1223 2026 ipse
1244 1963 1446 2004 curare
1473 1942 1648 2004 debes
1668 1943 1824 2024 juste
1850 1962 1921 2004 ac
1947 1951 2165 2024 tempe-

311 2061 338 2092 »
369 2043 490 2096 rate
527 2043 656 2096 tuos
694 2043 936 2096 tractare
949 2082 964 2111 ,
997 2042 1061 2096 ut
1087 2043 1142 2096 et
1170 2035 1337 2099 facile
1372 2039 1664 2118 requirere
1686 2056 1783 2098 eos
1813 2039 2003 2119 possis
2016 2083 2035 2110 ,
2064 2057 2165 2098 nec

315 2157 340 2186 n
374 2133 422 2191 si
455 2131 784 2212 apparuerit
818 2131 904 2192 vel
939 2132 1223 2212 imparem
1262 2141 1317 2192 te
1354 2131 1658 2212 impendiis
1694 2150 1849 2207 esse,
1880 2131 1972 2192 vel
2008 2141 2167 2192 atro-

318 2249 345 2280 »
371 2225 584 2286 ciorem
616 2223 1008 2286 dominafione
1049 2226 1323 2286 saevitiam
1358 2245 1619 2287 exercere
1637 2271 1655 2301 ,
1692 2245 1923 2288 necesse
1956 2226 2169 2288 habeat

319 2343 344 2374 a
372 2315 700 2401 proconsul.
730 2318 792 2378 V.
825 2317 913 2394 C..
943 2339 1017 2380 ne
1055 2318 1194 2401 quid
1232 2319 1636 2381 tumultuosius
1676 2329 1877 2382 contra
1920 2320 2165 2390 accidat,

313 2436 340 2467 ι
376 2411 688 2492 praevenire
726 2418 808 2485 te,
841 2419 898 2471 et
935 2431 1003 2472 ex
1038 2432 1169 2472 mea
1195 2415 1321 2495 Jam
1358 2415 1687 2475 auctoritate
1722 2411 1796 2473 ad
1832 2413 2167 2476 alienandos
2270 2473 2272 2478 .

324 2528 350 2560 n
375 2523 472 2565 eos
499 2503 857 2586 compellere.
886 2503 1194 2568 Glabrione
1221 2514 1277 2566 et
1302 2505 1533 2568 Omullo
1560 2525 1743 2568 censs.
1778 2533 1805 2563 n

877 2685 973 2757 (ax
999 2701 1209 2741 contar.
1241 2703 1289 2741 r.
1320 2703 1410 2753 χιι,
1442 2703 1494 2742 c.
1521 2688 1601 2758 v.)

435 2823 758 2882 ULPIANUS
783 2823 982 2882 muno
1005 2824 1124 2883 VIII
1150 2827 1241 2882 DE
1270 2825 1541 2884 OFFICIO
1566 2825 2021 2885 PRocoNsuus
2038 2869 2055 2895 ,

393 2917 540 2988 (SUB
571 2918 839 2992 TITULO)
878 2920 966 2977 m:
1001 2919 1407 2977 NAUFRAGIIS
1442 2921 1525 2976 ET
1564 2919 2099 2995 (INCENDIARIIS).

406 3069 470 3120 Ι.
516 3058 884 3120 Incendiariis
911 3060 1001 3121 lex
1028 3060 1257 3141 quidem
1286 3059 1553 3121 Cornelia
1576 3080 1727 3141 aqua
1752 3069 1809 3120 et
1834 3059 1960 3140 igni
1985 3061 2169 3119 inter·

317 3150 428 3212 dici
450 3153 622 3232 jussit
653 3175 668 3211 z
701 3152 800 3213 sed
826 3157 980 3215 varie
1007 3163 1142 3215 sunt
1182 3157 1385 3237 puniti.
1416 3157 1561 3216 Nam
1599 3157 1697 3236 qui
1732 3153 1865 3214 data
1890 3174 2075 3235 opera
2110 3155 2167 3211 in

319 3245 540 3304 civitate
588 3243 912 3308 incendium
953 3247 1237 3324 fecerunt,
1282 3250 1331 3310 si
1370 3249 1431 3308 in
1477 3245 1799 3316 humillimo
1834 3245 1965 3310 loco
1998 3253 2165 3320 sunt,

479 3563 520 3586 ,
653 3535 694 3558 0
