2292 3684
318 119 420 175 946
538 194 546 202 .
906 137 1177 180 uncam
1213 139 1563 180 rasennam.

318 235 547 299 luntario
588 243 929 318 consistunt,
976 261 1009 299 a
1051 244 1272 320 majore
1305 243 1350 303 V
1389 251 1444 302 et
1481 244 1577 302 XX
1623 245 1786 302 annis
1825 244 1887 302 in
1919 262 2176 303 vacuam

318 333 578 394 inductos
626 337 1040 416 possessionem
1094 335 1312 395 ostendi
1367 337 1644 397 convenit.
1703 338 1918 396 Rerum
1973 345 2176 396 autem

322 425 623 488 mobilium
666 432 781 489 sive
820 431 1205 502 moventium,
1247 431 1296 490 si
1337 431 1498 514 (non)
1529 433 1741 512 excepti
1780 431 2005 504 fuistis,
2043 451 2176 511 qna.-

320 524 571 602 mancipi
600 532 751 595 sunt,
780 531 1073 604 usucapta,
1106 522 1195 586 vel
1225 527 1552 605 mancipata
1575 525 1701 606 post
1728 523 1815 584 vel
1837 533 2012 582 antea
2039 543 2180 582 ma-

316 614 445 694 jore
469 624 725 695 tempore
752 636 787 675 a
822 615 981 676 vobis
1020 619 1158 676 anni
1189 638 1448 698 possessa
1481 619 1704 678 avocari
1741 637 1856 676 non
1888 615 2176 698 poshnu

320 725 427 768 nec
450 709 697 787 mancipi
722 727 877 782 vero,
908 709 1210 769 traditione
1237 709 1404 784 sacta,
1437 721 1672 792 propter
1705 709 1965 790 ejusdem
1991 712 2180 769 inter·

322 798 453 858 dicti
488 793 823 878 potestatem
868 803 1067 862 similis
1116 805 1488 884 possessionis
1537 803 1797 884 probatio
1843 805 2180 862 necessaria

322 901 403 952 est
436 915 447 950 :
481 913 617 953 nam
662 897 712 954 si
752 905 1017 977 exceptus
1058 895 1242 970 suisti,
1289 899 1586 979 privignus
1634 906 1754 955 tum
1794 893 2176 965 constitutus

320 984 442 1046 sola
476 989 704 1048 traditio
740 990 965 1050 sufficit.
1009 989 1171 1061 Quod
1211 1001 1402 1051 antem
1439 1011 1529 1050 res
1556 987 1658 1048 tibi
1695 989 1768 1048 ab
1813 988 2028 1048 herede
2069 989 2180 1048 do-

319 1081 549 1140 natricis
598 1082 889 1141 distractas
944 1101 1064 1142 esse
1108 1085 1379 1164 proponis
1397 1128 1412 1154 ,
1459 1081 1748 1162 duplicari
1785 1079 1890 1139 tibi
1937 1079 2178 1140 titulum

266 1183 279 1194 ‘
320 1174 693 1252 possessionis
730 1193 845 1232 non
886 1176 1135 1254 potuisse
1171 1183 1415 1246 constat3
1449 1175 1549 1234 sed
1587 1195 1655 1234 ex
1694 1172 1947 1254 perfecta
1976 1173 2178 1232 dona-

274 1275 287 1292 ·
320 1266 475 1358 tione
518 1265 812 1325 dominum
852 1267 1065 1327 sactum
1108 1267 1320 1328 frustra
1355 1271 1581 1340 emisse,
1625 1288 1755 1327 cum
1797 1269 1878 1326 rei
1917 1271 2182 1348 proprie

324 1361 534 1439 emptio
574 1381 691 1420 non
732 1362 911 1440 possit
950 1363 1278 1433 consistere3
1330 1379 1396 1422 ac
1439 1371 1563 1421 tum
1604 1360 1834 1419 demum
1879 1359 1984 1418 tibi
2028 1381 2184 1442 pro-

322 1451 519 1524 fuerit,
547 1455 597 1512 si
623 1471 691 1512 ex
720 1453 1023 1514 donatione
1048 1463 1105 1514 te
1128 1475 1250 1515 non
1275 1455 1448 1516 fuisse
1465 1455 1764 1515 dominum
1793 1460 2172 1515 monstretur.

324 1545 471 1605 Sane
502 1549 775 1627 qnoniam
814 1549 1008 1606 omnia
1041 1547 1206 1607 vobis
1235 1547 1310 1607 ab
1347 1569 1413 1608 eo
1447 1548 1660 1607 donata
1695 1563 1750 1608 et
1785 1547 1994 1606 tradita
2025 1547 2180 1608 dici-

322 1639 426 1712 tis,
458 1639 529 1698 ad
558 1639 665 1701 hoc
692 1661 726 1699 a
752 1639 867 1700 filio
896 1640 1043 1701 facta
1070 1642 1392 1702 venditione
1419 1635 1612 1701 rerum
1647 1649 2040 1700 maternarum
2067 1643 2178 1700 ad-

324 1732 504 1805 ferre,
538 1733 789 1814 perfecta
824 1736 995 1792 etiam
1034 1733 1373 1808 donatione,
1403 1736 1608 1816 poterit
1644 1733 2066 1806 defensionem,
2097 1753 2180 1794 ne

324 1825 415 1888 vel
442 1826 699 1907 exemplo
727 1825 1029 1887 inofficiosi
1045 1830 1366 1901 testamenti
1395 1830 1572 1908 possit
1599 1826 1717 1886 haec
1745 1845 2002 1886 avocare.
2035 1825 2178 1897 Qni-

326 1915 435 1978 bus
469 1917 737 1978 omnibus
770 1939 976 2000 praeses
1012 1921 1316 1999 provincias
1345 1939 1507 1980 suam
1543 1920 1833 1978 notionem
1871 1917 2172 1998 praebebit.

325 2009 432 2070 PP.
488 2009 573 2073 w.
630 2010 743 2070 kat.
793 2013 929 2071 Jun.
984 2011 1332 2072 Diodeflano
1373 2018 1430 2070 et
1475 2012 1820 2071 Maximiano
1855 2011 1920 2070 V.
1967 2021 2026 2069 et
2069 2011 2168 2069 W.

326 2121 514 2164 conss.
552 2103 739 2184 (293.)

406 2208 576 2258 m.
608 2200 955 2280 Papinianus
982 2199 1129 2260 libro
1159 2200 1274 2260 ΧΠ.
1305 2199 1470 2280 Resp.
1507 2199 1613 2278 (l).
1647 2198 1807 2270 Quod
1835 2205 1996 2278 pater
2019 2195 2168 2267 filie,

330 2309 504 2374 qnam
532 2292 733 2352 habuit
771 2314 837 2352 ac
874 2296 1106 2356 retinuit
1149 2297 1208 2354 in
1249 2301 1549 2374 potestate,
1579 2293 1832 2362 donavit,
1876 2309 2012 2350 cnm
2040 2307 2170 2349 eam

330 2385 693 2465 donationem
732 2394 1067 2447 testamento
1106 2407 1223 2446 non
1259 2385 1680 2457 confirmasset,
1719 2384 1849 2442 fitiae
1885 2402 2002 2443 non
2049 2401 2174 2444 eene

330 2478 647 2558 respondi3‘
670 2497 804 2538 nam
836 2487 892 2538 et
924 2477 1150 2568 pecplia
1189 2497 1304 2537 non
1347 2476 1650 2558 proeiegata
1683 2477 2012 2536 communia
2049 2475 2174 2534 fra-

332 2581 485 2632 trum
512 2591 634 2632 esse
671 2573 981 2632 constabat.
1012 2573 1246 2632 Diversa
1285 2574 1430 2631 ratio
1457 2581 1541 2631 est
1577 2579 1778 2630 eontra
1813 2570 1996 2651 legem
2029 2569 2171 2630 Cin·

332 2671 479 2732 ciam
507 2671 667 2730 factas
695 2670 1014 2730 donationis
1048 2693 1061 2729 ε
1091 2679 1232 2730 tunc
1257 2671 1411 2730 enim
1447 2670 1830 2748 exceptionem
1867 2667 2172 2729 voluntatis

334 2765 755 2845 perseverantia
778 2761 896 2825 doli
936 2761 1306 2845 replicatione
1346 2763 1589 2843 perimit.
1633 2760 1776 2820 Cum
1813 2769 1976 2840 pater
2005 2757 2164 2833 filiis,

336 2877 481 2940 quos
508 2859 709 2918 habuit
739 2878 805 2918 ac
842 2858 1072 2917 retinuit
1098 2859 1158 2916 in
1198 2865 1496 2938 potestate,
1527 2856 1731 2926 donat,
1765 2854 1910 2913 nihil
1947 2853 2170 2934 prodest

334 2971 453 3010 non
480 2953 691 3011 mutari
732 2950 1106 3024 voluntatem,
1149 2951 1420 3031 quoniam
1457 2947 1609 3030 qnod
1647 2950 1952 3030 praecessit,
1992 2955 2170 3008 totum

334 3044 561 3102 irritum
588 3051 672 3101 est
698 3063 711 3100 ε
744 3043 896 3102 unde
918 3061 1053 3103 cnm
1078 3042 1232 3103 filins
1274 3043 1336 3102 in
1371 3039 1964 3129 divisione-bonorum
1999 3059 2174 3120 penes

406 3264 482 3326 (Ι)
516 3265 569 3309 ln
598 3281 743 3326 marg.
767 3265 910 3314 schol.
934 3284 946 3314 ς
977 3288 999 3311 ι
1020 3268 1151 3315 Nihil
1175 3269 1394 3332 prodesse
1417 3268 1714 3332 flliohmilias
1741 3267 1966 3314 donatum
1981 3301 1994 3324 ,
2014 3270 2050 3312 si
2079 3284 2153 3315 nm

321 3327 643 3377 'confirmetur
666 3325 873 3386 donatio,
900 3333 1117 3393 quamvis
1140 3341 1278 3395 pater
1299 3344 1396 3378 non
1419 3331 1674 3378 mutaverit
1697 3329 1997 3379 vohnutevn.
2021 3349 2041 3371 ι
