2292 3684
196 76 365 122 mer.
404 78 554 120 mer.
594 78 648 119 1..
680 78 762 133 m,
802 79 856 119 τ.
880 78 962 119 m.
1004 78 1075 121 ns
1100 79 1507 123 sanam-uscos&
1535 78 1806 122 rans-uas.
1857 65 1964 121 ³79

90 191 351 243 matrem
402 180 779 251 excludebat,
825 184 1141 241 communis
1185 192 1374 242 autem
1419 191 1539 242 erat
1579 180 1860 241 hereditas
1898 199 1968 240 ex

92 282 273 359 aequis
305 275 590 357 partibus
620 274 811 335 fratris
840 284 895 335 et
920 278 1150 335 sororis,

168 382 247 431 4.
302 368 427 429 Sed
470 387 581 427 nos
622 353 1019 428 cons⁸titutione
1064 368 1150 449 (1)
1194 389 1371 449 quam
1415 372 1477 428 in
1524 356 1730 429 Codice
1770 374 1965 428 nostro

94 466 341 525 nomino
374 462 645 523 decorato
673 464 983 544 posuimus,
1008 466 1178 522 matri
1197 464 1644 525 subveniendum
1675 482 1795 524 esse
1823 466 1968 524 exis·

92 560 461 629 timuimus,
494 556 861 635 respicientes
886 555 957 614 ad
982 564 1250 615 naturam
1272 567 1324 615 et
1342 558 1710 638 puerperium
1739 565 1794 616 et
1820 558 1969 637 peri-

94 652 297 712 eulum
326 660 389 710 et
417 669 571 729 soepe
593 655 835 708 mortem
863 669 930 708 ex
958 649 1067 709 boc
1094 670 1230 710 casu
1249 650 1528 710 matribus
1547 647 1792 720 illatam3
1813 650 1968 710 ideo-

97 766 211 826 que
266 747 535 824 impium
578 762 700 802 esse
744 740 1085 803 credidimus
1128 764 1326 803 casum
1380 744 1678 804 fortuitum
1731 746 1790 802 in
1846 746 1969 824 ejus

98 839 327 898 admitti
379 837 807 896 detrimentum.
853 836 910 895 Si
958 838 1111 896 enim
1149 839 1398 917 ingenua
1440 845 1525 897 ter
1573 837 1659 897 vel
1701 836 1970 898 libertina

102 942 311 1013 quater
352 951 479 991 non
518 931 769 1011 peperit,
808 932 1093 990 immerito
1134 930 1582 991 defraudabatur
1619 933 1970 992 successione

102 1046 353 1085 sacrm
378 1023 731 1091 liberorum;
758 1023 891 1104 quid
924 1025 1078 1083 enim
1108 1026 1390 1105 peccavit,
1422 1027 1470 1085 si
1499 1044 1615 1084 non
1651 1022 1842 1105 plures
1871 1022 1969 1083 sed

104 1138 325 1201 paucos
360 1112 629 1199 peperit?
654 1116 721 1173 Et
747 1113 1003 1175 dedimus
1025 1116 1123 1195 jus
1151 1114 1466 1197 legitimum
1505 1116 1738 1198 plenum
1765 1117 1969 1175 matri·

104 1211 237 1284 bus,
268 1212 397 1271 sive
424 1208 690 1289 ingenuis
717 1208 833 1267 sive
858 1206 1161 1291 libertinis,
1185 1212 1287 1268 etsi
1307 1230 1421 1269 non
1452 1218 1536 1269 ter
1565 1210 1741 1269 enixoe
1760 1208 1970 1269 fuerint

106 1305 197 1367 sel
224 1312 467 1386 quater,
499 1302 597 1361 sed
621 1321 751 1362 eum
779 1312 999 1362 tantum
1030 1302 1117 1362 vel
1149 1323 1276 1363 eam
1306 1306 1404 1385 qui
1440 1324 1633 1385 quaeve
1664 1313 1846 1364 morte
1871 1306 1970 1363 in-

110 1398 357 1479 tercepti
384 1404 539 1467 sunt,
572 1402 633 1454 ut
660 1403 716 1453 et
741 1395 821 1455 sic
842 1402 1113 1454 vocentur
1134 1398 1196 1455 in
1221 1396 1534 1457 liberorum
1561 1416 1794 1458 suorum
1819 1396 1968 1479 legi-

116 1492 325 1549 timam
355 1488 789 1547 successionem.

192 1596 259 1645 ⁵.
294 1582 419 1645 Sed
449 1600 578 1641 cum
606 1588 773 1640 antea
800 1581 1226 1641 constitutiones
1259 1580 1359 1662 (2),
1385 1584 1520 1662 jura
1547 1580 1810 1663 legitimae
1837 1602 1972 1645 sno-

116 1677 855 1753 eessionis-perscrutantes,
878 1675 1087 1753 partim
1104 1682 1347 1733 matrem
1367 1673 1731 1753 adjuvabant,
1766 1678 1971 1755 partim

123 1790 245 1831 eam
280 1767 751 1851 praegravabant,
782 1776 837 1827 et
862 1783 979 1827 non
1012 1770 1073 1827 in
1104 1766 1346 1829 solidum
1381 1788 1508 1830 eam
1533 1769 1840 1841 vocabant,
1875 1768 1972 1830 sed

120 1868 177 1923 in
198 1862 551 1944 quibusdam
566 1861 793 1923 casibus
812 1864 1035 1935 tertiam
1055 1864 1107 1921 ei
1135 1870 1356 1943 partem
1375 1862 1789 1936 abstrahentes,
1806 1865 1973 1924 certis

122 1958 390 2038 legitimis
423 1954 639 2015 dabant
667 1956 941 2034 personis,
973 1957 1033 2013 in
1055 1953 1181 2014 aliis
1210 1963 1401 2015 autem
1423 1957 1773 2015 contrarium
1801 1956 1974 2016 facie-

124 2052 290 2123 bant,
334 2050 502 2110 nobis
544 2048 629 2129 (3)
672 2050 856 2108 visum
897 2058 982 2109 est
1021 2058 1174 2111 recta
1215 2057 1270 2109 et
1308 2050 1556 2130 simplici
1600 2050 1690 2109 via
1731 2061 1972 2109 matrem

126 2143 396 2205 omnibns
426 2144 683 2224 personis
706 2142 969 2223 legitimis
1000 2144 1292 2221 anteponi,
1323 2150 1378 2201 et
1411 2145 1532 2203 sine
1561 2142 1678 2203 ulla
1705 2142 1998 2204 deminuo·

125 2240 277 2297 tione
306 2236 559 2296 filiorum
578 2254 811 2295 suorum
841 2236 1253 2295 successionem
1281 2237 1568 2314 accipere,
1592 2247 1824 2317 excepta
1851 2236 1973 2296 fra-

128 2334 227 2389 tris
265 2339 321 2390 et
364 2330 577 2389 sororis
620 2346 891 2407 persona,
939 2328 1055 2385 sive
1092 2327 1500 2405 consanguinei
1539 2328 1680 2400 sint,
1711 2329 1826 2391 sive
1852 2328 1974 2391 sola
2083 2318 2094 2327 ⁰

131 2424 483 2505 cognationis
516 2424 652 2502 jura
697 2418 999 2491 habentes3
1042 2427 1135 2493 ut,
1187 2420 1664 2502 quemadmodum
1706 2442 1831 2483 eam
1873 2424 1974 2484 toti

134 2516 225 2575 alii
248 2514 435 2575 ordini
463 2513 713 2595 legitimo
741 2514 1186 2593 praeposuimus,
1229 2515 1308 2571 ita
1335 2533 1534 2575 omnes
1560 2514 1762 2575 fratres
1793 2527 1846 2577 et
1875 2538 1973 2577 so-

136 2628 306 2679 rores,
330 2609 448 2666 sive
473 2605 710 2686 legitimi
736 2614 884 2677 sunt,
908 2607 1022 2666 sive
1042 2624 1180 2684 non,
1208 2604 1281 2664 ad
1309 2606 1610 2687 capiendas
1638 2607 1972 2669 hereditates

138 2700 301 2760 simul
330 2718 628 2769 vocemus;
660 2700 739 2758 ita
766 2708 955 2757 tamen
984 2707 1071 2772 ut,
1103 2701 1152 2757 si
1181 2698 1411 2780 quidem
1447 2698 1578 2758 solae
1619 2720 1844 2769 sorores,
1868 2702 1974 2761 ad-

140 2805 314 2875 gnatae
339 2792 427 2854 vel
457 2801 735 2875 cognatoe,
770 2802 825 2851 et
853 2799 1034 2851 mater
1076 2791 1328 2853 defuncti
1357 2791 1444 2853 vel
1471 2792 1746 2854 defunctoe
1773 2816 1973 2877 super·

142 2890 282 2958 sint,
334 2886 631 2946 dimidiam
680 2886 908 2967 quidem
953 2896 1170 2959 mater,
1230 2885 1466 2947 alteram
1507 2906 1638 2947 vero
1681 2887 1972 2949 dimidiam

149 2992 355 3061 partem
381 3001 579 3044 omnes
616 3000 839 3041 sorores
879 2979 1160 3054 babeant,
1201 2982 1250 3040 si
1283 3000 1415 3041 vero
1452 2990 1632 3041 matre
1675 2986 1972 3064 superstite

212 3216 277 3279 (Ι)
308 3216 357 3267 L.
383 3219 433 3275 2,
458 3212 534 3275 C.,
560 3220 627 3264 De
658 3218 738 3264 ἀν.
764 3212 894 3263 liber.
920 3214 1055 3289 (vm,
1078 3213 1175 3277 59).
1195 3240 1249 3250 —
1268 3213 1335 3277 (2)
1363 3212 1692 3269 Constant.,L.
1720 3213 1966 3270 13-Valmt.

126 3278 139 3293 '
158 3287 199 3324 et
218 3280 336 3339 Vnt„
358 3280 412 3327 L.
442 3282 489 3335 2,
514 3284 589 3335 0.,
659 3276 725 3335 Ιι.,
750 3275 819 3326 De
846 3277 970 3342 leqtt.
998 3276 1147 3325 hered.
1178 3276 1246 3339 (v,
1271 3278 1334 3340 1).
1357 3303 1418 3315 —
1442 3279 1507 3335 (3)
1535 3276 1586 3325 L.
1620 3280 1667 3335 7,
1700 3278 1769 3330 0.,
1799 3275 1843 3323 h.
1873 3284 1906 3321 t.
