2292 3684
377 154 443 235 4}
553 164 670 207 osu
703 164 848 205 msr.
889 162 939 204 c.
975 162 1024 220 1,
1061 152 1120 217 ss
1149 149 1331 204 50-54.
1373 162 1444 203 nn
1472 161 1663 203 noum.
1695 160 2027 204 rores-run.

373 271 491 352 juri
536 267 798 347 subjectae
834 275 989 339 sunt,
1021 266 1143 325 aliae
1179 267 1237 324 in
1276 272 1573 346 potestate,
1602 264 1721 323 aliae
1760 268 1819 323 in
1851 284 2056 341 menn,
2090 264 2248 325 alioe

379 368 441 424 in
467 364 754 443 mancipio
783 368 927 420 suut.
967 372 1084 421 50.
1131 360 1429 420 Videamus
1471 380 1625 419 nnnc
1661 350 1729 418 de
1761 361 1832 418 iis
1866 381 1987 440 quoe
2024 359 2248 424 alieno

373 459 496 537 juri
521 455 782 536 subjectae
812 462 977 513 sunt:
1014 453 1199 533 (nam)
1232 455 1278 511 si
1307 456 1733 533 cognoverimus
1770 473 1894 534 quae
1929 454 2047 511 istae
2083 474 2244 533 per-

381 572 531 613 sonoe
568 554 704 623 sint,
746 548 914 610 simul
949 548 1323 629 intelligemus
1358 568 1482 627 quse
1514 549 1600 606 sui
1631 548 1775 626 juris
1812 549 1939 607 siut.
1971 559 2094 609 51.
2142 547 2243 606 Ac

381 648 542 728 prius
568 643 929 725 dispiciemus
952 642 1019 703 de
1047 644 1116 702 iis
1143 644 1240 724 qui
1267 643 1325 701 in
1354 641 1539 705 aliena
1562 642 1832 722 potestate
1860 648 2005 701 sunt.

462 748 581 799 52.
629 740 692 795 ln
729 744 1000 818 potestate
1040 737 1231 815 itaque
1276 743 1407 794 sunt
1449 736 1596 794 servi
1640 733 2034 805 dominorum;
2088 755 2243 815 quoe

383 830 611 913 quidem
636 837 880 910 potestas
901 829 1048 906 juris
1077 829 1329 907 gentium
1358 835 1441 885 est
1474 847 1489 883 t
1521 846 1652 886 nem
1682 826 1835 907 apud
1860 846 2057 887 omnes
2086 846 2241 908 per-

384 945 540 1005 aeque
576 931 767 1005 gentes
805 920 1245 981 animadvertere
1280 921 1886 1002 possumus,‚dominis
1923 924 1983 980 in
2018 942 2239 981 servos

381 1022 507 1079 vitae
531 1018 794 1097 necisque
823 1022 1150 1095 potestatem
1180 1034 1328 1088 esse,
1354 1022 1409 1073 et
1434 1014 1828 1096 quodcumque
1854 1036 1957 1096 per
1986 1036 2235 1077 servum

386 1112 732 1191 adquiritur,
770 1107 829 1168 id
860 1108 1090 1167 domino
1120 1107 1453 1189 adquiritur.
1522 1113 1529 1119 '

465 1216 576 1267 58.
611 1204 717 1263 Sed
744 1202 852 1262 hoe
877 1212 1128 1284 tempore
1156 1222 1343 1283 neque
1369 1202 1584 1264 civibus
1614 1204 1912 1277 Romanis,
1949 1225 2053 1265 nee
2082 1205 2232 1265 ullis

385 1297 510 1359 eliis
540 1294 866 1361 hominibus
892 1297 987 1375 qui
1007 1294 1114 1355 sub
1139 1298 1381 1376 imperio
1409 1296 1610 1378 populi
1636 1298 1877 1358 Romani
1906 1306 2056 1369 sunt,
2082 1297 2235 1358 lieet

386 1410 560 1471 supra
586 1388 818 1449 modum
848 1396 902 1448 et
925 1389 1046 1447 sine
1072 1408 1242 1449 eausa
1270 1390 1327 1448 in
1360 1409 1545 1450 servos
1573 1410 1705 1450 suos
1728 1394 1948 1451 soevire:
1979 1410 2121 1449 nem
2152 1410 2229 1451 ex

386 1484 779 1545 constitutione
816 1484 1190 1543 sacratissimi
1224 1482 1585 1564 Imperatoris
1619 1483 1916 1557 Antonini,
1949 1486 2231 1564 quisine

385 1598 554 1638 causa
591 1595 812 1635 servum
853 1595 1019 1635 suum
1055 1575 1345 1650 occiderit,
1386 1597 1501 1637 non
1538 1579 1727 1637 minus
1766 1580 1945 1637 teneri
1974 1576 2229 1658 jubetur

385 1690 557 1752 quam
585 1671 683 1749 qui
710 1668 960 1727 alienum
987 1688 1211 1727 servum
1246 1668 1529 1729 occiderit.
1560 1669 1670 1729 Sed
1696 1677 1751 1730 et
1776 1672 1959 1751 major
1986 1690 2229 1750 quoque

384 1765 656 1846 asperitas
677 1762 1037 1822 dominorum
1057 1781 1163 1843 per
1183 1762 1435 1843 ejusdem
1458 1764 1731 1845 principis
1754 1765 2227 1825 constitutionem

384 1865 672 1919 coercetur
702 1877 716 1915 ε
758 1876 892 1916 nam
933 1855 1221 1917 consultus
1256 1876 1291 1916 a
1327 1857 1666 1938 quibusdam
1702 1856 2033 1939 praesidibus
2069 1879 2227 1939 pro-

384 1952 702 2011 vinciat-um
729 1948 798 2008 de
824 1948 911 2009 his
939 1950 1112 2009 servis
1139 1952 1239 2031 qui
1268 1950 1336 2009 ad
1365 1949 1502 2010 fana
1524 1951 1759 2011 deorum
1784 1950 1873 2011 vel
1900 1951 1973 2011 ad
2002 1960 2224 2012 statuas

384 2046 710 2127 principum
735 2042 1094 2124 confugiunt,
1118 2047 1412 2126 praecepit,
1436 2054 1528 2117 ut,
1560 2048 1611 2105 si
1630 2043 1997 2106 intolerabilis
2017 2046 2224 2106 videa-

386 2147 483 2197 tur
508 2135 868 2195 dominorum
896 2138 1133 2211 saevitia,
1175 2147 1445 2218 cogantur
1473 2158 1660 2199 servos
1687 2160 1819 2200 suos
1846 2140 2104 2201 vendere.
2148 2142 2222 2199 Et

387 2238 691 2310 utrumque
729 2236 875 2289 recte
909 2228 1006 2300 fit3
1042 2229 1377 2291 male-enim
1414 2240 1604 2292 nostro
1626 2234 1757 2311 jure
1783 2236 1864 2293 uti
1891 2254 2007 2293 non
2035 2233 2221 2294 debe-

385 2342 515 2382 mus
533 2341 547 2381 z
565 2343 679 2404 qua
700 2324 914 2382 ratione
941 2331 997 2382 et
1023 2322 1273 2405 prodigis
1300 2325 1647 2387 interdicitur
1674 2326 1957 2389 bonorum
1976 2348 2217 2389 suorum

389 2414 814 2476 administrati&

471 3339 588 3391 54.
635 3329 921 3402 Ceterum,
979 3345 1109 3387 eum
1160 3328 1311 3410 apud
1364 3331 1509 3391 cives
1542 3332 1846 3393 'Romanos
1892 3332 2095 3414 duplex
2140 3334 2207 3391 sit
