2292 3684
0 6 182 48 ,mssa
222 7 274 50 ι.
300 8 361 63 ιι,
392 8 448 49 τ.
480 8 561 49 ιιι.
603 8 675 48 π
704 7 958 49 uiuum
987 8 1364 53 resumes-ro.
1430 0 1525 54 22¹

0 233 56 273 se
83 211 154 272 de
182 213 527 273 testamentis
556 212 801 271 militum
824 211 984 270 divus
1010 212 1292 292 Trajanus
1322 212 1538 274 Statilio

0 327 32 365 a
85 308 412 386 rescripsit:
455 304 516 363 td
562 303 921 386 privilegium
966 305 1114 386 quod
1165 305 1538 367 militantibus

2 409 52 473 t,
95 408 156 459 ut
190 418 415 481 quoquo
451 398 620 460 modo
660 400 807 458 facta
838 398 910 457 ab
948 401 1017 458 iis
1053 407 1385 460 testamenta
1420 411 1539 460 rata

0 493 227 575 intelligi
263 492 463 564 debet,
510 503 574 553 ut
616 495 809 573 utique
852 493 1009 573 prius
1048 503 1307 554 constare
1341 493 1542 568 debeat

5 608 104 647 um
144 587 356 647 factum
399 608 545 661 esse,
593 587 743 667 quod
783 596 837 646 et
875 589 995 646 sine
1032 590 1310 667 scriptura
1346 608 1382 646 a
1424 608 1539 647 non

0 701 81 742 »us
124 701 351 763 quoque
391 680 511 740 fieri
551 687 749 762 potest.
791 680 844 738 ls
883 700 1015 761 ergo
1054 681 1215 740 miles
1263 680 1331 740 de
1379 683 1541 762 cujus

0 773 55 832 nd
83 783 137 834 te
165 776 462 855 quaeritur,
496 775 573 845 si,
604 773 921 833 convocatis
950 771 1020 832 ad
1044 771 1152 833 hoc
1178 771 1537 846 hominibus,

0 876 131 927 ntem
153 888 316 927 suam
337 875 666 940 testaretur,
696 868 772 925 ita
798 864 1019 925 locutus
1044 873 1127 925 est
1154 874 1215 925 ut
1235 865 1544 926 declararet

0 960 72 1019 let
99 958 208 1020 sibi
235 959 502 1020 heredem
532 978 652 1019 esse
673 1006 688 1032 ‚
723 966 777 1018 et
803 961 893 1019 eui
923 958 1241 1020 libertatem
1268 960 1538 1030 tribuere,

0 1055 82 1113 eri
102 1054 222 1113 sine
241 1055 450 1135 scripto
474 1052 582 1112 hoc
602 1051 771 1113 modo
790 1072 911 1112 esse
932 1061 1182 1125 testatus,
1211 1062 1264 1112 et
1283 1052 1540 1113 voluntas

9 1146 274 1207 habenda
295 1157 395 1208 est.
428 1148 691 1207 Ceterum
715 1193 730 1218 ‚
764 1148 838 1220 si,
871 1156 933 1206 ut
960 1146 1297 1228 plerumque
1326 1166 1540 1206 sermo·

0 1244 29 1299 τ’
57 1240 218 1312 solet,
252 1241 392 1301 dixit
419 1241 588 1302 alicui
618 1264 631 1300 ε
664 1242 781 1301 Eoo
823 1260 888 1301 ‘re
926 1259 1178 1302 nassum
1223 1259 1401 1311 ramo,
1447 1249 1544 1301 aut

25 1355 129 1395 τιιιι
171 1354 460 1408 ιιιωιιρυο,
498 1355 615 1395 non
659 1342 878 1416 oportet
918 1334 1026 1395 hoc
1066 1354 1172 1416 pro
1210 1342 1541 1395 testamento

35 1454 48 1490 ε
88 1451 193 1490 nec
236 1430 486 1491 ullorum
530 1433 715 1512 magis
761 1434 1020 1504 interest,
1068 1452 1240 1512 quam
1284 1433 1541 1511 ipsorum

0 1577 2 1582 .
30 1522 388 1604 privilegium
417 1523 612 1582 datum
641 1531 747 1596 est,
775 1523 1051 1604 ejusmodi
1080 1524 1401 1604 exemplum
1425 1545 1542 1584 non

14 1615 269 1696 alioquin
321 1635 433 1675 non
492 1614 795 1675 difficulter
847 1625 975 1697 post
1018 1626 1260 1677 mortem
1307 1617 1543 1696 alicujus

4 1718 87 1769 tes
107 1709 431 1781 existerent,
456 1711 553 1789 qui
576 1708 929 1769 affirmarent
947 1730 1006 1769 se
1027 1711 1248 1770 audisse
1268 1709 1543 1769 dicentem

0 1801 308 1882 ³elinquere
335 1821 395 1861 se
421 1801 575 1860 bona
604 1804 694 1861 cui
723 1804 906 1862 visum
935 1806 1033 1876 sit,
1066 1799 1121 1864 et
1149 1824 1252 1885 per
1280 1803 1387 1863 hoc
1409 1823 1541 1870 vera

0 1895 419 1964 thvertereutur.

0 1992 154 2049 nimo
176 1997 230 2048 et
248 1997 437 2047 mutus
460 1995 513 2048 et
532 1987 735 2048 surdus
756 1989 917 2049 miles
942 1997 1338 2051 testamentum
1360 1990 1544 2052 facere

9 2173 284 2233 hactenus
301 2172 411 2232 hoc
429 2171 541 2232 illis
566 2193 599 2232 a
622 2174 1032 2255 principalibus
1054 2179 1544 2238 constitutionibus

7 2289 86 2339 r‚-
110 2275 388 2348 quatenus
431 2266 676 2327 militant
714 2276 768 2327 et
802 2271 862 2327 in
906 2271 1102 2331 eastris
1140 2271 1369 2353 degunt.
1412 2273 1544 2332 Post

0 2382 36 2420 n
65 2380 202 2420 vero
230 2362 511 2433 veterani,
542 2360 628 2420 vel
657 2369 813 2421 extra
841 2373 1024 2421 castra
1056 2366 1101 2423 si
1123 2364 1335 2425 faciant
1362 2366 1544 2426 adbuc

0 2475 15 2511 ι
47 2460 473 2524 testamentum,
503 2455 793 2513 communi
820 2456 1078 2514 omnium
1106 2458 1311 2516 civium
1338 2459 1544 2518 Roma·

0 2567 69 2606 re
98 2546 284 2605 facere
321 2545 541 2608 debent.
577 2548 646 2606 Et
675 2548 823 2628 quod
853 2550 913 2607 in
941 2552 1137 2609 castris
1170 2550 1403 2610 fecerint
1430 2562 1544 2611 tes—

0 2662 49 2712 1,
82 2660 198 2700 non
244 2642 530 2701 communi
567 2643 735 2725 jure,
769 2642 867 2701 sed
904 2645 1187 2724 quomodo
1229 2645 1539 2718 voluerint,

3 2736 195 2794 ionem
224 2735 377 2793 intra
405 2752 621 2793 annum
652 2742 868 2794 tantum
900 2736 1125 2800 valebit.
1161 2737 1308 2811 Quid
1335 2759 1469 2818 ergo
1497 2742 1542 2797 si

0 2848 119 2888 mm
169 2828 397 2909 quidem
447 2829 773 2899 decesserit,
821 2830 1066 2889 conditio
1115 2841 1303 2891 autem
1350 2832 1544 2891 heredi

35 2930 164 3003 post
207 2943 425 2983 annum
473 2921 757 2983 extiterit?
808 2943 881 2982 an
929 2925 1088 3005 quasi
1136 2926 1330 2985 militis
1378 2934 1544 2986 testa-

0 3014 211 3076 valeat?
239 3018 308 3075 Et
335 3017 518 3097 placet
542 3016 731 3076 valere
759 3019 919 3097 quasi
948 3017 1158 3078 militis.

0 3163 2 3169 .
43 3119 98 3171 et
135 3113 180 3170 si
222 3112 347 3191 quis
388 3120 519 3170 ante
560 3109 821 3169 militiam
864 3130 979 3170 non
1021 3113 1152 3190 jure
1199 3110 1329 3171 fecit
1376 3120 1544 3170 testa·-

26 3214 80 3265 et
107 3203 271 3264 miles
288 3204 470 3264 factus
491 3206 623 3264 etin
645 3204 998 3284 expeditione
1017 3204 1225 3283 degens
1245 3204 1544 3283 resignavit
