2292 3684
336 117 445 175 892
488 145 491 148 ⁴
928 128 1262 174 rucuma
1297 129 1594 175 varium.

334 253 451 293 non
480 231 691 294 utendo
730 235 873 306 (non
906 234 1256 312 amittitur->3
1296 234 1432 315 quia
1467 252 1573 293 nec
1608 229 1964 294 ususfructus
1991 241 2094 306 est,
2119 241 2168 292 et

336 329 589 409 pecuniis
618 325 937 386 dominium
964 324 1294 400 fructuarii,
1322 346 1438 386 non
1465 319 1692 387 lien-edis
1721 334 1821 386 est.

411 431 527 482 αἱ.
563 421 723 480 Item.
761 419 869 478 Per
909 421 1396 501 mancipationem
1437 418 1638 480 deduci
1683 418 2038 480 ususfructus
2074 437 2168 500 po·

330 523 475 588 test,
508 532 623 572 non
653 513 825 573 etiam
854 513 1173 575 transferri.
1207 513 1317 574 Per
1345 512 1418 573 do
1455 513 1583 595 lego
1617 512 1870 594 legatum
1901 521 1959 572 et
1992 532 2092 594 per
2115 514 2166 571 in

322 611 455 690 jure
482 608 796 667 cessionem
824 612 883 664 et
918 603 1120 666 deduci
1153 615 1208 667 et
1243 606 1368 666 dari
1397 615 1595 688 potest.
1640 607 1781 666 Item
1821 613 2010 686 potest
2037 625 2168 666 con-

328 703 485 762 stitui
523 709 579 761 et
618 698 856 761 familia
880 699 1229 762 erciscundoe
1257 700 1349 761 rel
1373 701 1666 762 communi
1695 698 2010 760 dividundo
2029 699 2172 778 judi·

326 795 413 853 cio
454 793 726 874 legitimo.
768 793 837 851 In
876 813 939 854 re
981 812 1086 854 nec
1130 795 1384 874 mancipi
1426 813 1529 874 per
1575 792 1942 852 traditionem
1985 791 2170 852 deduci

328 885 685 946 ususfructus
714 903 833 946 non
862 893 1069 966 potest;
1105 905 1208 946 nec
1242 887 1304 945 in
1331 885 1600 956 homine,
1631 886 1679 943 si
1711 887 2022 966 peregrino
2063 893 2168 945 tra-

326 978 531 1040 datur:
559 977 712 1040 civili
739 979 893 1037 enim
925 979 1147 1039 actione
1175 979 1442 1074 constitui
1474 985 1681 1059 potest,
1713 997 1830 1038 uon
1863 977 2172 1050 traditione,

324 1093 451 1154 quae
474 1073 629 1153 juris
656 1072 913 1152 gentium
942 1078 1046 1131 est.

400 1174 517 1228 48.
548 1167 716 1226 Item.
746 1163 834 1224 Ad
862 1171 1081 1225 certum
1112 1171 1336 1246 tempus
1365 1164 1463 1224 et
1445 1185 1506 1224 m
1529 1163 1662 1244 jure
1693 1163 1816 1224 cedi
1847 1173 1907 1225 et
1931 1163 2174 1246 legariet

318 1257 507 1319 officio
521 1258 733 1339 judicis
758 1257 1025 1318 constitui
1052 1265 1254 1338 potest.

399 1362 515 1413 4⁰.
548 1353 711 1414 Item.
742 1351 827 1412 Ex
864 1359 1017 1412 certo
1060 1359 1316 1432 tempore
1353 1349 1529 1431 legari
1570 1356 1782 1430 potest.
1822 1347 1916 1408 An
1953 1351 2016 1408 in
2055 1353 2174 1431 jure

317 1445 439 1506 cedi
471 1445 559 1506 vel
596 1465 671 1506 an
712 1444 1026 1525 adjudicari
1066 1446 1274 1526 possit,
1304 1447 1574 1505 variatur.
1615 1442 1920 1506 Videamus
1949 1464 2030 1504 na
2067 1463 2172 1504 nou

318 1541 509 1619 possit,
543 1539 679 1620 quia
705 1537 867 1598 nulla
892 1536 1032 1618 legis
1057 1540 1205 1598 aetio
1234 1536 1460 1618 prodita
1487 1545 1574 1597 est
1589 1535 1660 1596 de
1687 1537 1902 1597 futuro.

396 1644 514 1694 5⁰.
549 1634 704 1692 Item.
738 1632 802 1691 In
840 1635 1264 1714 mancipatione
1305 1632 1392 1692 vel
1435 1633 1494 1691 in
1525 1633 1658 1713 jure
1683 1633 1940 1692 cessione
1969 1651 2050 1690 an
2075 1630 2171 1690 de-
2259 1681 2264 1696 ,

318 1724 449 1784 duci
488 1727 664 1806 possit
688 1724 773 1785 vel
802 1745 873 1785 ex
908 1731 1191 1806 tempore;
1234 1721 1420 1784 velud
1453 1731 1701 1805 tempus,
1746 1722 1832 1784 vel
1867 1743 1940 1784 ex
1975 1723 2172 1784 condi·

316 1822 497 1891 tione,
526 1818 615 1880 vel
643 1814 1154 1891 ad'conditionem,
1181 1818 1424 1880 dubium
1453 1827 1536 1878 est
1564 1840 1577 1878 :
1613 1818 2101 1899 quemadmodum
2127 1820 2173 1878 si

316 1915 381 1986 is,
414 1919 503 1973 eui
534 1915 591 1971 in
608 1915 741 1993 jure
773 1913 1009 1986 ceditur,
1040 1911 1215 1972 dicit«
1245 1913 1337 1971 aio
1365 1911 1520 1972 hunc
1547 1911 1792 1972 fundum
1823 1931 2025 1972 meum
2053 1931 2172 1972 esse

316 2007 553 2068 deducto
582 2007 883 2068 usufructu
922 2026 990 2066 ex
1018 2005 1134 2065 kal.
1168 2006 1296 2066 Jan.
1333 2031 1388 2078 υ,
1421 2006 1509 2067 vel
1547 2033 1572 2061 α
1593 2006 1832 2068 deducto
1871 2007 2170 2067 usufructu

316 2121 493 2181 usque
539 2099 613 2160 ad
657 2098 771 2159 kal.
813 2099 945 2159 Jan.
998 2098 1246 2159 decimas
1283 2121 1345 2170 »ς
1392 2099 1480 2159 vel
1526 2123 1551 2153 α
1591 2101 1683 2160 aio
1735 2098 1888 2160 hunc
1923 2099 2171 2160 fundum

314 2213 506 2253 meum
535 2211 679 2269 esse,
709 2190 949 2251 deducto
978 2191 1308 2269 usufructu,
1339 2193 1385 2249 si
1417 2193 1578 2251 navis
1606 2211 1676 2252 ex
1699 2191 1837 2252 Asia
1863 2193 2089 2253 venerit
2109 2213 2164 2250 n:

314 2288 449 2345 item
478 2289 539 2345 in
564 2286 987 2365 mancipatione
1027 2309 1051 2339 α
1080 2293 1306 2365 emptus
1347 2283 1492 2344 mihi
1535 2295 1617 2346 est
1663 2287 1874 2366 pretio,
1925 2285 2168 2346 deducto

316 2379 611 2447 usufructu
640 2399 709 2440 ex
736 2377 853 2438 kal.
886 2377 999 2438 illis
1027 2398 1209 2460 usque
1238 2377 1312 2437 ad
1341 2377 1454 2438 kal.
1480 2377 1634 2451 illas3
1659 2405 1684 2435 ι
1721 2389 1776 2439 et
1801 2379 2004 2440 eadem
2037 2391 2168 2440 sunt

312 2473 371 2530 in
400 2471 741 2532 conditione.
773 2471 1123 2550 Pomponius
1160 2472 1336 2551 igitur
1363 2479 1527 2551 putat
1563 2491 1680 2532 non
1709 2491 1878 2553 posse
1924 2472 1999 2533 ad
2043 2494 2168 2534 cer·

312 2574 431 2625 tum
460 2574 685 2647 tempus
720 2563 955 2636 deduci,
987 2583 1090 2624 nec
1130 2583 1236 2646 per
1273 2566 1332 2623 in
1364 2566 1496 2644 jure
1537 2567 1885 2640 cessionem,
1921 2587 2030 2628 nec
2069 2587 2170 2648 per

312 2661 820 2740 mancipationem,
854 2656 952 2718 sed
988 2665 1212 2717 tantum
1249 2657 1549 2718 transferri
1591 2661 1781 2739 ipsum
1821 2680 2007 2741 posse.
2047 2662 2167 2743 Ego

308 2752 477 2812 didici
496 2759 553 2812 et
578 2751 779 2812 deduci
808 2750 881 2810 ad
910 2757 1134 2832 tempus
1156 2770 1341 2830 posse,
1365 2753 1500 2831 quia
1527 2760 1584 2812 et
1599 2755 2088 2834 mancipationem
2113 2766 2166 2814 et

306 2847 367 2904 in
387 2847 521 2926 jure
548 2847 861 2906 cessionem
893 2843 987 2906 lex
1013 2845 1113 2904 ΧΠ
1149 2844 1482 2906 tabularum
1511 2845 1834 2908 confirmat.
1873 2849 2164 2930 Numquid

178 2932 193 2944 '
306 2959 443 3022 ergo
470 2948 525 2999 et
568 2961 636 3000 ex
664 2949 919 3021 tempore
947 2948 1004 2999 et
1030 2939 1356 3001 conditione
1381 2941 1582 3002 deduci
1617 2941 1837 3024 possit?
1867 2944 2162 3026 Sequitur,

311 3044 456 3095 utet
486 3033 672 3116 legato
698 3034 901 3096 deduci
932 3034 1006 3094 ad
1033 3043 1252 3096 certum
1279 3045 1504 3117 tempus
1533 3039 1728 3116 possit.

384 3139 499 3189 51.
538 3128 778 3209 Adquiri
804 3128 973 3189 nobis
1001 3137 1186 3210 potest
1213 3131 1570 3191 ususfructus
1595 3140 1652 3192 et
1675 3153 1778 3212 per
1801 3151 1900 3193 eos
1927 3153 2076 3214 quos
2103 3136 2158 3192 in

304 3228 606 3298 potestate,
641 3240 815 3280 manu
834 3267 851 3296 ,
885 3225 1240 3304 mancipiove
1267 3222 1548 3285 habemus
1579 3247 1592 3284 ε
1625 3226 1722 3285 sed
1751 3247 1870 3287 non
1893 3227 2162 3286 omnibus

304 3313 519 3388 modis,
551 3313 647 3372 sed
674 3312 861 3394 legato
880 3358 899 3391 ,
940 3315 1027 3376 vel
1054 3317 1103 3376 si
1131 3316 1437 3378 heredibus
1463 3317 1579 3378 illis
1617 3321 1886 3381 institutis
1921 3318 2160 3382 deducto
