2292 3684
0 54 21 93 ¹.
62 53 118 96 ι.ι
146 54 209 104 1¹,
249 54 303 95 τ.
331 54 410 95 lx.
457 55 561 96 rea
585 54 729 104 oms
756 56 987 98 pensos.
1014 55 1141 96 nos.
1172 54 1394 104 Annum.
1439 43 1542 96 209

0 175 52 214 ia
90 154 200 215 fide
250 156 583 236 possidetur,
624 159 737 217 sive
776 159 822 216 is
860 156 1006 217 iiber
1045 159 1140 229 sit,
1175 159 1291 217 sive
1325 156 1544 217 alienus

0 250 132 331 [uodv
158 253 307 310 enim
344 241 558 333 placuit
586 252 655 311 de
692 252 1138 322 usufructuario,
1170 252 1322 311 idem
1363 251 1550 332 piacet
1609 311 1614 315 .

0 364 46 403 ιι
85 342 192 402 fide
227 364 547 425 possessore
576 368 587 403 :
623 347 812 425 itaque
840 343 991 425 quod
1022 354 1181 404 extra
1222 347 1357 403 istas
1403 344 1541 408 duas

2 440 262 518 quiritur,
287 438 344 496 id
368 437 455 498 vel
479 438 551 512 ad
575 440 762 518 ipsum
792 440 1053 518 pertinet,
1086 442 1133 498 si
1160 437 1306 497 liber
1327 447 1426 511 est,
1454 439 1541 499 vel

4 551 121 602 um,
154 533 200 589 si
230 551 422 591 servus
451 541 555 591 est„
581 531 689 591 Sed
718 532 881 592 bonoe
910 531 1035 591 fidei
1066 551 1376 612 possessor,
1409 553 1538 591 cum

1 633 23 683 t
50 644 288 696 servum,
317 627 450 705 quia
479 644 545 694 eo
579 624 745 684 modo
774 624 1036 685 dominus
1067 625 1145 697 fit,
1165 646 1239 701 sex
1270 625 1539 686 omnibus

0 740 14 778 .-
40 738 169 778 eum
196 719 304 778 sibi
324 718 622 799 adquirere
647 729 857 799 potest:
891 720 1232 779 fructuarius
1254 741 1383 780 vero
1409 741 1540 780 usu-

0 834 47 872 m
79 820 284 893 potest,
316 815 567 894 primum
597 816 731 893 quia
773 834 888 874 non
919 814 1196 894 possidet,
1234 814 1331 874 sed
1366 813 1540 878 habet

0 910 10 964 i
39 905 293 978 fruendi,
326 906 528 966 deinde
556 910 689 987 quia
724 909 827 967 scit
855 926 1080 967 servum
1120 905 1368 968 alienum
1397 927 1533 968 esse.

0 1020 55 1058 m
98 1008 285 1060 autem
332 1002 651 1080 proprietas
695 1020 798 1081 per
830 1020 939 1068 ‚eos
985 1021 1176 1062 servos
1228 1004 1285 1059 in
1333 1002 1538 1082 quihus

0 1102 118 1152 tum
155 1092 460 1166 habemus,
492 1092 581 1152 vel
619 1114 759 1174 quos
806 1094 956 1153 bone
996 1094 1105 1154 fide
1147 1094 1530 1176 possidemus,

0 1185 194 1245 beram
220 1205 523 1266 personam
551 1206 675 1266 quae
697 1187 848 1246 bona
876 1186 985 1247 fide
1014 1187 1180 1247 nobis
1210 1190 1397 1260 servit,
1432 1209 1536 1248 no-

5 1281 166 1350 ritur,
207 1277 303 1337 sed
350 1280 521 1338 etiam
563 1282 864 1358 possessio.
905 1279 1219 1359 Loquimur
1249 1291 1437 1340 autem
1475 1284 1534 1341 in

30 1391 274 1454 persona
310 1372 624 1432 seeundum
659 1371 1048 1432 definitionem
1077 1395 1250 1454 quam
1280 1377 1535 1456 proxime

0 1485 80 1539 us,
104 1464 160 1522 id
189 1472 289 1534 est,
321 1467 370 1525 si
396 1485 570 1545 quam
599 1469 1013 1547 possessionem
1041 1487 1109 1527 ex
1138 1487 1199 1526 re
1230 1477 1421 1527 nostra
1446 1468 1534 1528 vel

0 1560 124 1618 teris
153 1558 341 1639 adepti
365 1559 593 1618 suerint.

0 1655 70 1712 :is
102 1655 288 1734 itaque
314 1661 569 1734 epperet,
606 1672 708 1731 per
735 1651 943 1713 liberos
965 1653 1224 1714 homines
1253 1678 1395 1737 quos
1424 1678 1531 1718 ne-

0 1766 23 1805 o
47 1747 167 1826 juri
200 1745 483 1825 subjectos
514 1744 820 1819 habemus,
853 1768 1037 1829 neque
1073 1747 1227 1809 bone
1253 1750 1363 1809 fide
1394 1772 1530 1831 pos-

3 1841 139 1898 item
171 1858 273 1918 per
300 1839 513 1899 alienos
550 1858 737 1898 servos
769 1842 825 1897 in
862 1839 1069 1920 quibus
1101 1860 1286 1921 neque
1327 1859 1528 1902 usum-

0 1932 275 1999 mbemus‚
315 1950 497 2012 neque
543 1934 955 2010 possessionem
988 1933 1236 2010 -justam,
1268 1934 1428 1994 nulla
1457 1956 1526 1996 ex

0 2028 70 2085 iis
114 2025 337 2106 adquiri
381 2044 565 2108 posse.
600 2030 667 2083 Et
709 2025 816 2085 hoc
843 2035 927 2085 est
966 2026 1115 2106 quod
1161 2025 1388 2100 dicitur,
1425 2050 1527 2110 per

0 2140 18 2179 ι
46 2129 348 2200 personam
380 2119 525 2178 nihil
550 2119 770 2200 adquiri
799 2140 985 2201 posse,
1018 2129 1251 2202 excepto
1279 2143 1345 2182 eo
1374 2126 1526 2205 quod

0 2234 74 2272 tm
118 2206 451 2292 personam,
494 2213 666 2273 veluti
709 2234 811 2293 per
857 2223 1308 2293 procuratorem,
1343 2217 1526 2297 piacet

0 2328 17 2366 ι
54 2308 360 2367 scientibus
382 2353 397 2378 ‚
439 2307 537 2367 sed
574 2316 627 2367 et
664 2307 1060 2388 ignorantibus
1097 2308 1262 2369 nobis
1300 2309 1527 2390 adquiri

0 2422 119 2472 nem,
155 2402 465 2461 secundum
495 2400 605 2461 divi
634 2402 821 2461 Severi
848 2397 1321 2477 constitutionem,
1352 2412 1405 2463 et
1425 2424 1529 2484 per

0 2496 279 2555 essionem
308 2496 475 2552 etiam
514 2493 854 2565 dominium,
892 2496 939 2552 si
970 2494 1234 2554 dominus
1261 2495 1368 2554 fuit
1411 2504 1526 2555 tra-

0 2589 393 2666 ssucapionem
417 2595 513 2645 aut
540 2586 695 2667 longi
721 2588 993 2668 temporis
1022 2590 1518 2668 prescriptionem,

0 2701 23 2739 s
54 2699 170 2739 non
201 2681 289 2738 eit.

0 3152 145 3193 ‚enus
177 3135 451 3216 tantisper
486 3130 845 3193 admonuisse
885 3130 1119 3204 suffieit,
1153 3127 1523 3210 quemadmo-

0 3224 83 3285 ssae
120 3244 211 3286 res
238 3225 404 3286 uobis
432 3225 835 3305 adquirentur3
875 3244 1012 3285 nam
1043 3225 1363 3304 legatorum
1393 3222 1524 3300 jus,

1151 3319 1240 3373 ⁴2.
