2292 3684
289 149 439 194 Just.
469 151 618 192 uss-r.
661 151 712 192 ι..
747 152 798 207 1,
837 151 894 194 τ.
923 151 1025 192 vn.
1065 150 1137 192 nt:
1162 148 1309 191 men
1336 149 1497 192 ruem
1522 151 1771 194 camum.
1887 140 1943 194 tt

111 263 227 314 tem
268 274 386 313 non
421 255 882 338 permittebatur,
916 273 1093 335 quare
1128 272 1233 313 nos
1270 253 1529 314 similiter
1569 259 1647 330 ei,
1682 257 1959 338 quemad-

109 348 352 408 modum
389 348 532 408 alies
566 369 684 421 res,
721 351 804 407 ita
840 356 897 409 et
936 367 1124 408 servos
1170 367 1301 407 suos
1334 349 1399 406 in
1439 347 1653 408 ultima·
1674 347 1959 410 voluntate

110 443 445 524 disponere,
499 443 974 524 quemadmodum
1027 441 1311 514 voluerit,
1342 445 1751 523 permittimus,
1800 453 1863 504 ut
1906 456 1961 506 et
1986 496 1995 508 ,

112 536 436 598 libertatem
477 540 560 598 eis
593 541 771 618 possit
805 535 1112 618 praestare?
1154 535 1262 596 Sed
1304 556 1435 598 cum
1472 535 1710 597 libertas
1750 540 1959 598 inoesti-

115 630 352 691 mabilis
389 639 498 702 est,
537 641 592 692 et
627 639 862 712 propter
897 630 1002 689 hoc
1040 637 1171 689 ante
1206 630 1302 688 XX
1339 631 1512 690 oetatis
1551 650 1781 692 annum·
1806 635 1961 692 anti-

116 729 306 807 quitus
331 724 648 786 libertatem
676 746 836 785 servo
867 725 1002 784 dut-e
1029 722 1370 805 prohibebat
1387 769 1402 796 ,
1427 724 1555 785 ideo
1584 744 1687 784 nos
1714 726 1961 786 mediam

115 819 540 901 quodammodo
587 820 738 878 viam
792 817 1088 898 eligentes,
1137 837 1257 878 non
1303 815 1465 877 aliter
1508 820 1721 880 minori
1764 822 1964 900 viginti

116 916 288 974 annis
307 913 628 975 libertatem
655 915 716 972 in
741 920 1074 973 testamento
1097 911 1237 972 det-e
1258 931 1417 972 servo
1445 933 1545 974 suo
1573 913 1955 986 concedimus,

115 1011 230 1068 nisi
265 1011 571 1090 septimum
601 1018 656 1068 et
681 1007 960 1068 decimum
991 1027 1209 1066 annum
1236 1005 1579 1086 impleverit,
1610 1017 1668 1068 et
1702 1020 1961 1070 octavum

115 1101 408 1162 decimum
435 1121 654 1162 annum
681 1102 923 1180 tetigerit
945 1101 1047 1176 (l).
1069 1099 1215 1158 Cum
1242 1101 1395 1160 enim
1426 1104 1729 1184 antiquitas
1758 1101 1965 1182 hujus-

117 1195 280 1256 modi
307 1197 458 1256 aetati
484 1204 541 1255 et
569 1215 674 1276 pro
701 1195 826 1254 eliis
854 1194 1141 1275 postulare
1168 1196 1471 1268 concessit,
1517 1215 1619 1256 eut·
1646 1216 1763 1257 non
1792 1199 1961 1257 etiam

121 1294 210 1350 sui
229 1289 436 1370 judieii
459 1287 736 1348 stabilitas
764 1290 844 1348 ita
870 1307 966 1348 eos
994 1285 1263 1368 adjuvare
1288 1288 1577 1365 credatur,
1604 1300 1667 1351 ut
1690 1292 1761 1352 ad
1786 1291 1963 1352 libet·-

121 1393 264 1446 tates
293 1383 514 1446 dandas
545 1386 716 1444 set-vis
751 1385 866 1443 suis
895 1385 1115 1464 possint
1141 1383 1481 1464 pervenire?

417 1551 530 1610 Τιτ.
563 1548 676 1610 vlt.
709 1549 790 1610 Du
817 1567 950 1610 utos
977 1548 1142 1610 Fum
1169 1548 1397 1612 cmm
1421 1567 1659 1614 suumve.

204 1679 355 1762 Lege
394 1678 566 1737 Fusia
611 1677 850 1736 Caninia
890 1685 1074 1737 eet-tus
1115 1677 1317 1738 modus
1359 1679 1691 1738 constitutus
1737 1687 1857 1738 erat
1901 1681 1962 1738 in

128 1775 305 1832 servis
332 1779 668 1832 testamento
692 1770 1179 1834 manumittendis.

209 1865 422 1937 Quam,
471 1866 636 1946 quasi
680 1863 964 1924 libertates
1002 1865 1405 1946 impedientem
1452 1873 1505 1926 et
1546 1864 1963 1946 quodammodo

131 1958 402 2031 invidam,
433 1957 742 2020 tollendam
767 1977 888 2018 esse
913 1961 1252 2032 censuimus,
1274 1977 1404 2018 cum
1432 1960 1567 2018 setis
1588 1958 1772 2019 fuerat
1798 1959 1966 2019 inhu-

128 2073 393 2126 manum,
426 2055 580 2112 vivos
608 2051 834 2132 quidem
857 2045 1139 2112 licentiam
1167 2051 1379 2112 habere
1404 2061 1577 2112 totam
1606 2072 1765 2112 suam
1792 2053 1967 2112 fami-

131 2146 272 2206 liam
295 2145 556 2206 libertate
583 2145 812 2218 donare,
851 2146 960 2204 nisi
986 2144 1100 2204 alia
1127 2165 1297 2205 causa
1325 2145 1595 2226 impediat
1625 2145 1959 2218 libertatem,

20 2251 22 2310 j
135 2239 510 2301 morientibus
540 2249 728 2302 autem
755 2237 1079 2319 hujusmodi
1104 2237 1391 2298 licentiam
1417 2236 1663 2299 adimere
1696 2238 1804 2320 (2).

203 3173 266 3231 (1)
293 3192 312 3210 ι
341 3168 586 3214 Sancimus
607 3179 656 3214 ut
685 3167 866 3214 licentia
890 3169 946 3214 sit
970 3169 1227 3214 minoribus
1252 3168 1297 3212 in
1324 3169 1423 3228 ipso
1453 3178 1656 3228 tempore
1679 3167 1727 3210 in
1752 3181 1847 3228 quo
1870 3165 1977 3211 licet

144 3235 206 3280 eis
235 3233 388 3278 testari
419 3230 480 3276 de
503 3230 594 3278 alia
614 3231 890 3287 substantia,
923 3233 1062 3276 etiam
1089 3245 1197 3276 suos
1220 3245 1371 3276 cervos
1396 3232 1442 3274 in
1469 3229 1642 3275 ultimis
1660 3227 1977 3274 voluntatibus

145 3296 490 3342 manumittere.
525 3314 546 3336 ιι
573 3295 692 3339 Νου.
731 3297 830 3348 119,
867 3309 970 3356 cap.
995 3296 1042 3340 2.

203 3361 266 3418 (2)
288 3359 346 3406 V.
373 3359 446 3403 tit.
468 3361 542 3412 0.,
563 3357 633 3402 De
655 3355 749 3417 leqe
778 3357 908 3404 Fusio
932 3355 1128 3407 caninio
1157 3353 1351 3403 tollenda
1374 3351 1485 3414 (vn,
1504 3357 1572 3411 3).
