2292 3684
459 85 602 128 rus-r.
634 87 778 130 urst.
808 87 863 132 ι.
892 90 970 144 w,
995 91 1050 132 τ.
1083 91 1149 132 11.
1187 91 1261 132 ns
1284 93 1447 134 noxis
1474 94 1529 136 vr
1561 94 1769 136 uri-rs.
1936 81 2039 136 533

191 203 344 260 rem,
368 183 614 253 nli-nam
651 191 996 264 amovendo,
1043 192 1261 256 furtum
1298 194 1510 256 faciat?
1549 195 1617 256 Et
1652 194 1865 276 placet,
1904 199 2041 277 quia

193 275 429 343 furtum
451 301 520 342 ex
544 283 754 347 affectu
778 288 1056 360 oensistit,
1087 290 1169 348 ita
1193 289 1419 350 demum
1444 289 1685 370 obligari
1710 311 1775 350 eo
1802 292 2038 354 crimine

191 370 566 452 impuberem
597 379 648 438 si
682 377 976 460 proximus
1009 380 1297 462 pubertati
1332 384 1431 456 sit,
1466 391 1521 444 et
1546 381 1622 444 ob
1670 383 1730 444 id
1767 383 2042 465 intelligat

193 481 258 522 se
289 463 641 546 delinquere.
877 461 883 467 ⁸
1150 519 1153 522 .
1982 529 1999 556 ,

286 567 401 617 19.
435 559 594 619 Furti
621 563 797 636 ectio,
828 563 944 623 sive
969 562 1163 646 dupli,
1192 567 1307 626 sive
1336 566 1673 648 quadrupli,
1706 577 1926 631 tentum
1964 569 2033 630 ad

191 668 386 727 poenoe
414 657 862 730 persecutionem
892 659 1159 736 pertinen
1200 677 1337 720 nem
1364 660 1542 740 ipsius
1570 662 1655 720 rei
1686 664 2034 742 persecutio-

190 761 338 802 nem
363 747 708 808 extrinsecus
734 747 906 808 hebet
926 748 1220 822 dominus,
1249 773 1422 834 quam
1450 762 1547 813 eut
1572 754 1909 816 vindicando
1937 767 2035 817 sut

190 835 544 899 condicendo
571 849 754 922 potest
780 841 1024 902 anferre.
1057 844 1164 904 Sed
1194 847 1493 907 vindicatio
1516 847 1743 928 quidem
1768 847 2031 908 adversus

189 949 584 1010 possessorem
619 942 733 1007 est,
771 936 887 995 sive
919 936 1016 996 fur
1048 937 1171 1018 ipse
1214 940 1490 1020 possidet,
1526 942 1641 1000 sive
1678 941 1822 1001 alius
1857 941 2031 1023 quili-

188 1022 327 1098 bet3
371 1027 648 1089 condictio
685 1037 874 1090 autem
920 1029 1189 1093 adversus
1234 1033 1421 1094 furem
1463 1036 1655 1118 ipsum
1697 1033 2031 1099 heredemve

191 1119 348 1197 ejus,
379 1119 512 1182 licet
535 1142 652 1183 non
677 1124 988 1206 possideat,
1020 1130 1306 1208 competit.

701 1275 812 1336 Τιτ.
845 1276 896 1336 11
903 1324 916 1338 .
959 1277 1041 1339 Ds
1067 1297 1218 1340 nonis
1242 1279 1299 1340 'vr
1324 1297 1519 1342 urus.

275 1388 390 1462 Qui
411 1411 506 1455 res
529 1391 743 1456 alienas
770 1396 946 1476 rapit,
982 1397 1461 1478 tenetur-,quidem
1492 1398 1663 1457 etiam
1692 1397 1827 1458 furti
1853 1421 1867 1457 ε
1900 1401 2026 1480 quis

191 1485 352 1546 enim
377 1484 560 1566 magis
587 1486 834 1548 alienam
861 1509 984 1549 rem
1014 1491 1189 1550 invito
1218 1489 1448 1550 'domino
1477 1498 1811 1564 contractet,
1852 1512 2024 1572 quam

191 1578 297 1656 qni
330 1579 386 1639 vi
422 1565 613 1659 repit?
651 1577 888 1662 ideoque
928 1589 1076 1640 recte
1119 1579 1329 1642 dictum
1376 1590 1653 1656 est,„eum
1696 1581 2023 1665 improbum

190 1667 381 1730 furem
427 1671 579 1742 esse3
627 1671 725 1732 sed
766 1681 956 1731 tamen
1003 1674 1298 1754 propriam
1343 1675 1621 1734 actionem
1672 1677 1792 1754 ejus
1837 1673 2023 1735 delicti

187 1764 424 1822 nomine
445 1774 652 1844 praetor
679 1763 1012 1852 introduxit,
1044 1786 1169 1846 quoe
1194 1765 1511 1848 appellatur
1538 1787 1591 1827 vi
1620 1785 1864 1828 nonenim
1890 1785 2020 1827 nar-

187 1875 393 1929 ·mmm,
423 1867 480 1918 et
505 1867 586 1918 est
611 1860 762 1918 intra
789 1879 1004 1918 annum
1034 1859 1367 1940 quadrupli,
1398 1869 1524 1942 post
1551 1881 1768 1920 annum
1806 1860 2015 1941 simpli·

189 1950 325 2022 Quae
351 1951 496 2013 ectio
533 1949 686 2010 utilis
721 1959 832 2024 est,
863 1953 1033 2012 etiam
1066 1953 1114 2011 si
1150 1955 1275 2033 quis
1314 1973 1487 2012 unam
1524 1973 1646 2012 rem
1686 1951 1816 2014 licet
1842 1955 2019 2012 mini-

188 2062 346 2103 mam
387 2046 655 2124 rapuerit.
697 2043 1088 2125 Quadruplum
1125 2055 1320 2120 autem
1348 2067 1463 2105 non
1503 2054 1682 2105 totum
1711 2065 1877 2124 poena
1905 2037 2014 2117 est,

189 2145 246 2196 et
271 2145 425 2197 extre
457 2157 686 2218 poeuam
714 2141 797 2198 rei
825 2140 1164 2218 persecutio,
1197 2141 1341 2199 sicut
1372 2140 1433 2198 in
1470 2139 1688 2198 actione
1712 2138 1850 2198 furti
1887 2157 2016 2197 ma-

188 2229 378 2289 nifesti
405 2230 682 2303 diximus;
701 2231 813 2291 ¹sed
842 2235 900 2290 in
929 2229 1249 2313 quadruplo
1278 2232 1425 2290 inest
1460 2239 1515 2291 et
1551 2233 1632 2291 rei
1668 2232 1981 2310 persecutio
2002 2277 2015 2304 ,

190 2335 254 2385 ut
299 2346 468 2406 poena
505 2327 659 2408 tripli
702 2329 796 2400 sit,
841 2329 956 2387 sive
995 2326 1509 2407 comprehendetur
1554 2335 1749 2405 raptor
1784 2329 1845 2385 in
1890 2327 2019 2407 ipso

190 2417 415 2490 delicto,
447 2421 564 2478 sive
589 2440 708 2478 non
739 2440 755 2480 t
797 2418 1100 2480 ridiculum
1137 2427 1223 2478 est
1248 2420 1401 2478 enim
1430 2417 1653 2478 levioris
1685 2416 2021 2476 conditionis

189 2530 310 2572 esse
337 2532 468 2571 enm
496 2515 594 2594 qui
621 2515 678 2572 vi
705 2515 884 2593 repit,
915 2532 1088 2594 quem
1117 2514 1217 2592 qui
1244 2511 1391 2572 clem
1419 2517 1655 2570 amovet.

273 2617 330 2666 1.
371 2606 518 2677 Quia
557 2616 748 2668 tamen
793 2609 873 2667 ita
913 2608 1181 2688 competit
1220 2606 1339 2667 haec
1377 2608 1559 2676 ectio,
1607 2607 1653 2664 si
1688 2603 1819 2665 dolo
1862 2603 2020 2664 malo⁴

188 2702 424 2782 quisque
461 2701 744 2780 rapuerit,
784 2703 884 2782 qui
923 2698 1114 2782 aliquo
1152 2719 1343 2761 errore
1379 2698 1670 2771 inductus,
1706 2718 1869 2758 suam
1894 2718 2015 2758 rem

189 2813 306 2852 esse
349 2795 707 2865 existimans,
757 2803 812 2852 et
860 2793 1193 2874 imprudens
1237 2793 1413 2872 juris,
1457 2811 1523 2851 eo
1567 2791 1757 2849 auimo
1795 2791 2011 2870 rapuit,

189 2887 344 2966 quasi
382 2885 614 2945 domino
646 2885 811 2945 liceat
851 2888 1022 2945 etiam
1060 2903 1165 2965 per
1200 2887 1315 2944 vim
1351 2905 1473 2944 rem
1512 2903 1675 2944 suem
1718 2881 1941 2942 auferre
1980 2903 2015 2941 a

187 2976 633 3056 possessoribus,
663 2977 878 3037 absolvi
914 2976 1082 3038 debet
1115 3000 1128 3036 ε
1163 2979 1255 3036 cui
1293 2975 1505 3036 scilicet
1530 2975 1872 3034 conveniens
1908 2983 2009 3047 est,

188 3089 288 3129 nec
315 3069 450 3130 furti
483 3073 662 3131 teneri
690 3090 820 3130 eum
857 3073 954 3152 qui
981 3069 1180 3130 eodem
1210 3070 1317 3129 hnc
1344 3071 1535 3129 animo
1564 3069 1770 3150 rapuit.

266 3161 368 3222 Sed
417 3183 522 3234 ne,
577 3162 713 3222 dum
759 3163 894 3222 tulis
943 3164 1346 3246 excogitentur,
1402 3164 1723 3221 inveniatur
1768 3163 1863 3220 via
1910 3179 2016 3239 per

189 3275 354 3336 quam
381 3265 637 3338 raptores
663 3259 898 3338 impune
927 3275 1090 3318 suem
1122 3262 1417 3316 exerceant
1451 3257 1775 3327 avaritiam,
1812 3251 2017 3312 melius

1250 3349 1253 3354 ’
1644 3353 1729 3404 30.
