<?xml version="1.0" encoding="UTF-8"?>
<!DOCTYPE html PUBLIC "-//W3C//DTD XHTML 1.0 Transitional//EN"
    "http://www.w3.org/TR/xhtml1/DTD/xhtml1-transitional.dtd">
<html xmlns="http://www.w3.org/1999/xhtml" xml:lang="en" lang="en">
 <head>
  <title>
</title>
<meta http-equiv="Content-Type" content="text/html;charset=utf-8" />
  <meta name='ocr-system' content='tesseract 3.04.00' />
  <meta name='ocr-capabilities' content='ocr_page ocr_carea ocr_par ocr_line ocrx_word'/>
</head>
<body>
  <div class='ocr_page' id='page_1' title='image "./manualejurissyn00paulgoog_0071.png"; bbox 0 0 2292 3684; ppageno 0'>
   <div class='ocr_carea' id='block_1_1' title="bbox 93 135 1929 206">
    <p class='ocr_par' dir='ltr' id='par_1_1' title="bbox 93 135 1929 206">
     <span class='ocr_line' id='line_1_1' title="bbox 93 135 1929 206; baseline -0.001 -16"><span class='ocrx_word' id='word_1_1' title='bbox 93 149 242 192; x_wconf 72' lang='lat' dir='ltr'><strong>msr.</strong></span> <span class='ocrx_word' id='word_1_2' title='bbox 287 149 434 192; x_wconf 65' lang='lat' dir='ltr'><strong>lus-r.</strong></span> <span class='ocrx_word' id='word_1_3' title='bbox 474 150 526 192; x_wconf 80' lang='grc' dir='ltr'><strong>ι.</strong></span> <span class='ocrx_word' id='word_1_4' title='bbox 559 149 608 206; x_wconf 80' lang='lat' dir='ltr'><strong>t,</strong></span> <span class='ocrx_word' id='word_1_5' title='bbox 649 149 704 191; x_wconf 76' lang='grc' dir='ltr'><strong>τ.</strong></span> <span class='ocrx_word' id='word_1_6' title='bbox 734 149 834 192; x_wconf 73' lang='lat'><strong>111.</strong></span> <span class='ocrx_word' id='word_1_7' title='bbox 871 149 1026 198; x_wconf 79' lang='lat' dir='ltr'><strong>oms.</strong></span> <span class='ocrx_word' id='word_1_8' title='bbox 1055 149 1192 193; x_wconf 68' lang='lat' dir='ltr'><strong>noo.</strong></span> <span class='ocrx_word' id='word_1_9' title='bbox 1224 149 1319 192; x_wconf 79' lang='lat' dir='ltr'><strong>ms</strong></span> <span class='ocrx_word' id='word_1_10' title='bbox 1348 149 1572 193; x_wconf 65' lang='lat' dir='ltr'><strong>vorm.</strong></span> <span class='ocrx_word' id='word_1_11' title='bbox 1604 147 1821 192; x_wconf 63' lang='lat' dir='ltr'><strong>somn.</strong></span> <span class='ocrx_word' id='word_1_12' title='bbox 1860 135 1929 190; x_wconf 77' lang='lat'><strong>79</strong></span> 
     </span>
    </p>
   </div>
   <div class='ocr_carea' id='block_1_2' title="bbox 93 244 1929 425">
    <p class='ocr_par' dir='ltr' id='par_1_2' title="bbox 93 244 1929 425">
     <span class='ocr_line' id='line_1_2' title="bbox 93 244 1929 338; baseline 0.001 -28"><span class='ocrx_word' id='word_1_13' title='bbox 93 254 298 333; x_wconf 83' lang='lat' dir='ltr'><strong>patris,</strong></span> <span class='ocrx_word' id='word_1_14' title='bbox 321 260 458 312; x_wconf 84' lang='lat' dir='ltr'><strong>tune</strong></span> <span class='ocrx_word' id='word_1_15' title='bbox 476 253 536 325; x_wconf 84' lang='lat' dir='ltr'><strong>ii,</strong></span> <span class='ocrx_word' id='word_1_16' title='bbox 565 253 700 333; x_wconf 85' lang='lat' dir='ltr'><strong>quia</strong></span> <span class='ocrx_word' id='word_1_17' title='bbox 724 252 784 311; x_wconf 89' lang='lat' dir='ltr'><strong>in</strong></span> <span class='ocrx_word' id='word_1_18' title='bbox 804 244 1134 334; x_wconf 80' lang='lat' dir='ltr'><strong>potestatem</strong></span> <span class='ocrx_word' id='word_1_19' title='bbox 1156 255 1279 334; x_wconf 87' lang='lat' dir='ltr'><strong>ejus</strong></span> <span class='ocrx_word' id='word_1_20' title='bbox 1300 254 1502 317; x_wconf 81' lang='lat' dir='ltr'><strong>cadere</strong></span> <span class='ocrx_word' id='word_1_21' title='bbox 1526 257 1643 315; x_wconf 69' lang='lat' dir='ltr'><strong>noi!</strong></span> <span class='ocrx_word' id='word_1_22' title='bbox 1672 261 1929 338; x_wconf 79' lang='lat' dir='ltr'><strong>possunt,</strong></span> 
     </span>
     <span class='ocr_line' id='line_1_3' title="bbox 95 345 575 425; baseline 0 -20"><span class='ocrx_word' id='word_1_23' title='bbox 95 348 214 405; x_wconf 86' lang='lat' dir='ltr'><strong>suis</strong></span> <span class='ocrx_word' id='word_1_24' title='bbox 235 347 388 425; x_wconf 83' lang='lat' dir='ltr'><strong>juris</strong></span> <span class='ocrx_word' id='word_1_25' title='bbox 411 345 575 406; x_wconf 88' lang='lat' dir='ltr'><strong>fiunt.</strong></span> 
     </span>
    </p>
   </div>
   <div class='ocr_carea' id='block_1_3' title="bbox 93 439 1941 1179">
    <p class='ocr_par' dir='ltr' id='par_1_3' title="bbox 93 439 1941 1179">
     <span class='ocr_line' id='line_1_4' title="bbox 175 439 1936 523; baseline 0.001 -21"><span class='ocrx_word' id='word_1_26' title='bbox 175 452 242 504; x_wconf 85' lang='lat'><strong>1.</strong></span> <span class='ocrx_word' id='word_1_27' title='bbox 293 441 440 500; x_wconf 88' lang='lat' dir='ltr'><strong>Cum</strong></span> <span class='ocrx_word' id='word_1_28' title='bbox 468 449 654 501; x_wconf 82' lang='lat' dir='ltr'><strong>autem</strong></span> <span class='ocrx_word' id='word_1_29' title='bbox 676 441 727 500; x_wconf 89' lang='lat' dir='ltr'><strong>is</strong></span> <span class='ocrx_word' id='word_1_30' title='bbox 753 443 848 522; x_wconf 89' lang='lat' dir='ltr'><strong>qni</strong></span> <span class='ocrx_word' id='word_1_31' title='bbox 867 487 882 516; x_wconf 88' lang='lat'>,</span> <span class='ocrx_word' id='word_1_32' title='bbox 925 439 1000 502; x_wconf 88' lang='lat' dir='ltr'><strong>ob</strong></span> <span class='ocrx_word' id='word_1_33' title='bbox 1026 441 1258 523; x_wconf 77' lang='lat' dir='ltr'><strong>aliquod</strong></span> <span class='ocrx_word' id='word_1_34' title='bbox 1284 442 1653 516; x_wconf 79' lang='lat' dir='ltr'><strong>maleficium,</strong></span> <span class='ocrx_word' id='word_1_35' title='bbox 1689 446 1751 503; x_wconf 86' lang='lat' dir='ltr'><strong>in</strong></span> <span class='ocrx_word' id='word_1_36' title='bbox 1775 445 1936 504; x_wconf 84' lang='lat' dir='ltr'><strong>insu-</strong></span> 
     </span>
     <span class='ocr_line' id='line_1_5' title="bbox 94 532 1938 618; baseline 0.003 -27"><span class='ocrx_word' id='word_1_37' title='bbox 94 533 216 592; x_wconf 85' lang='lat' dir='ltr'><strong>lam</strong></span> <span class='ocrx_word' id='word_1_38' title='bbox 253 532 612 614; x_wconf 82' lang='lat' dir='ltr'><strong>deportatur,</strong></span> <span class='ocrx_word' id='word_1_39' title='bbox 657 535 936 594; x_wconf 81' lang='lat' dir='ltr'><strong>civitatem</strong></span> <span class='ocrx_word' id='word_1_40' title='bbox 984 538 1217 608; x_wconf 86' lang='lat' dir='ltr'><strong>amittit,</strong></span> <span class='ocrx_word' id='word_1_41' title='bbox 1263 539 1518 618; x_wconf 84' lang='lat' dir='ltr'><strong>sequitur</strong></span> <span class='ocrx_word' id='word_1_42' title='bbox 1565 545 1657 610; x_wconf 88' lang='lat' dir='ltr'><strong>ut,</strong></span> <span class='ocrx_word' id='word_1_43' title='bbox 1693 539 1826 617; x_wconf 80' lang='lat' dir='ltr'><strong>quia</strong></span> <span class='ocrx_word' id='word_1_44' title='bbox 1870 556 1938 596; x_wconf 90' lang='lat' dir='ltr'><strong>eo</strong></span> 
     </span>
     <span class='ocr_line' id='line_1_6' title="bbox 93 624 1938 708; baseline 0.001 -24"><span class='ocrx_word' id='word_1_45' title='bbox 93 624 270 684; x_wconf 84' lang='lat' dir='ltr'><strong>modo</strong></span> <span class='ocrx_word' id='word_1_46' title='bbox 309 644 380 684; x_wconf 85' lang='lat' dir='ltr'><strong>ex</strong></span> <span class='ocrx_word' id='word_1_47' title='bbox 421 645 658 685; x_wconf 87' lang='lat' dir='ltr'><strong>numero</strong></span> <span class='ocrx_word' id='word_1_48' title='bbox 685 627 890 685; x_wconf 83' lang='lat' dir='ltr'><strong>civium</strong></span> <span class='ocrx_word' id='word_1_49' title='bbox 917 626 1307 688; x_wconf 79' lang='lat' dir='ltr'><strong>Romanorum</strong></span> <span class='ocrx_word' id='word_1_50' title='bbox 1336 627 1583 700; x_wconf 85' lang='lat' dir='ltr'><strong>tollitur,</strong></span> <span class='ocrx_word' id='word_1_51' title='bbox 1616 625 1849 708; x_wconf 80' lang='lat' dir='ltr'>perinde</span> <span class='ocrx_word' id='word_1_52' title='bbox 1873 647 1938 686; x_wconf 83' lang='lat' dir='ltr'><strong>ac</strong></span> 
     </span>
     <span class='ocr_line' id='line_1_7' title="bbox 96 720 1939 806; baseline 0.001 -26"><span class='ocrx_word' id='word_1_53' title='bbox 96 729 330 781; x_wconf 84' lang='lat' dir='ltr'><strong>mortuo</strong></span> <span class='ocrx_word' id='word_1_54' title='bbox 370 741 438 780; x_wconf 85' lang='lat' dir='ltr'><strong>eo</strong></span> <span class='ocrx_word' id='word_1_55' title='bbox 459 721 720 781; x_wconf 81' lang='lat' dir='ltr'><strong>desinant</strong></span> <span class='ocrx_word' id='word_1_56' title='bbox 755 720 923 780; x_wconf 84' lang='lat' dir='ltr'><strong>liberi</strong></span> <span class='ocrx_word' id='word_1_57' title='bbox 965 724 1024 781; x_wconf 91' lang='lat' dir='ltr'><strong>in</strong></span> <span class='ocrx_word' id='word_1_58' title='bbox 1053 732 1325 804; x_wconf 81' lang='lat' dir='ltr'><strong>potestate</strong></span> <span class='ocrx_word' id='word_1_59' title='bbox 1362 726 1483 806; x_wconf 86' lang='lat' dir='ltr'><strong>ejus</strong></span> <span class='ocrx_word' id='word_1_60' title='bbox 1512 743 1650 785; x_wconf 83' lang='lat' dir='ltr'><strong>esse.</strong></span> <span class='ocrx_word' id='word_1_61' title='bbox 1686 723 1817 782; x_wconf 83' lang='lat' dir='ltr'><strong>Pari</strong></span> <span class='ocrx_word' id='word_1_62' title='bbox 1846 743 1939 782; x_wconf 83' lang='lat' dir='ltr'><strong>ra·</strong></span> 
     </span>
     <span class='ocr_line' id='line_1_8' title="bbox 102 815 1939 898; baseline 0.002 -26"><span class='ocrx_word' id='word_1_63' title='bbox 102 817 277 886; x_wconf 88' lang='lat' dir='ltr'><strong>tione,</strong></span> <span class='ocrx_word' id='word_1_64' title='bbox 311 823 367 874; x_wconf 89' lang='lat' dir='ltr'><strong>et</strong></span> <span class='ocrx_word' id='word_1_65' title='bbox 396 817 442 874; x_wconf 87' lang='lat' dir='ltr'><strong>si</strong></span> <span class='ocrx_word' id='word_1_66' title='bbox 470 817 518 874; x_wconf 86' lang='lat' dir='ltr'><strong>is</strong></span> <span class='ocrx_word' id='word_1_67' title='bbox 546 817 644 896; x_wconf 89' lang='lat' dir='ltr'><strong>qui</strong></span> <span class='ocrx_word' id='word_1_68' title='bbox 681 817 742 874; x_wconf 89' lang='lat' dir='ltr'><strong>in</strong></span> <span class='ocrx_word' id='word_1_69' title='bbox 771 823 1042 896; x_wconf 81' lang='lat' dir='ltr'><strong>potestate</strong></span> <span class='ocrx_word' id='word_1_70' title='bbox 1072 819 1323 898; x_wconf 80' lang='lat' dir='ltr'><strong>parentis</strong></span> <span class='ocrx_word' id='word_1_71' title='bbox 1352 821 1439 890; x_wconf 86' lang='lat' dir='ltr'><strong>sit,</strong></span> <span class='ocrx_word' id='word_1_72' title='bbox 1470 818 1531 875; x_wconf 87' lang='lat' dir='ltr'><strong>in</strong></span> <span class='ocrx_word' id='word_1_73' title='bbox 1561 815 1809 875; x_wconf 86' lang='lat' dir='ltr'><strong>insulam</strong></span> <span class='ocrx_word' id='word_1_74' title='bbox 1837 815 1939 876; x_wconf 86' lang='lat' dir='ltr'><strong>de-</strong></span> 
     </span>
     <span class='ocr_line' id='line_1_9' title="bbox 101 908 1941 992; baseline 0.001 -24"><span class='ocrx_word' id='word_1_75' title='bbox 101 916 362 989; x_wconf 76' lang='lat' dir='ltr'><strong>portatus</strong></span> <span class='ocrx_word' id='word_1_76' title='bbox 387 908 578 978; x_wconf 74' lang='lat' dir='ltr'><strong>fuerit,</strong></span> <span class='ocrx_word' id='word_1_77' title='bbox 603 908 806 972; x_wconf 74' lang='lat' dir='ltr'><strong>desinit</strong></span> <span class='ocrx_word' id='word_1_78' title='bbox 831 912 892 969; x_wconf 79' lang='lat' dir='ltr'><strong>in</strong></span> <span class='ocrx_word' id='word_1_79' title='bbox 921 919 1193 992; x_wconf 75' lang='lat' dir='ltr'><strong>potestate</strong></span> <span class='ocrx_word' id='word_1_80' title='bbox 1218 913 1469 991; x_wconf 68' lang='lat' dir='ltr'><strong>parentis</strong></span> <span class='ocrx_word' id='word_1_81' title='bbox 1496 929 1639 972; x_wconf 84' lang='lat' dir='ltr'><strong>esse.</strong></span> <span class='ocrx_word' id='word_1_82' title='bbox 1662 909 1771 970; x_wconf 82' lang='lat' dir='ltr'><strong>Sed</strong></span> <span class='ocrx_word' id='word_1_83' title='bbox 1798 911 1846 969; x_wconf 80' lang='lat' dir='ltr'><strong>si</strong></span> <span class='ocrx_word' id='word_1_84' title='bbox 1874 930 1941 970; x_wconf 85' lang='lat' dir='ltr'><strong>ex</strong></span> 
     </span>
     <span class='ocr_line' id='line_1_10' title="bbox 99 1002 1941 1089; baseline 0.001 -27"><span class='ocrx_word' id='word_1_85' title='bbox 99 1002 458 1084; x_wconf 71' lang='lat' dir='ltr'><strong>indulgentia</strong></span> <span class='ocrx_word' id='word_1_86' title='bbox 483 1003 800 1084; x_wconf 68' lang='lat' dir='ltr'><strong>principali</strong></span> <span class='ocrx_word' id='word_1_87' title='bbox 821 1007 1062 1068; x_wconf 70' lang='lat' dir='ltr'><strong>restituti</strong></span> <span class='ocrx_word' id='word_1_88' title='bbox 1087 1005 1319 1078; x_wconf 69' lang='lat' dir='ltr'><strong>fuerint,</strong></span> <span class='ocrx_word' id='word_1_89' title='bbox 1350 1025 1453 1089; x_wconf 78' lang='lat' dir='ltr'><strong>per</strong></span> <span class='ocrx_word' id='word_1_90' title='bbox 1474 1006 1673 1068; x_wconf 77' lang='lat' dir='ltr'><strong>omnia</strong></span> <span class='ocrx_word' id='word_1_91' title='bbox 1706 1004 1791 1085; x_wconf 84' lang='lat' dir='ltr'><strong>(l)</strong></span> <span class='ocrx_word' id='word_1_92' title='bbox 1818 1005 1941 1086; x_wconf 80' lang='lat' dir='ltr'><strong>pri-</strong></span> 
     </span>
     <span class='ocr_line' id='line_1_11' title="bbox 101 1098 874 1179; baseline 0 -21"><span class='ocrx_word' id='word_1_93' title='bbox 101 1099 319 1160; x_wconf 79' lang='lat' dir='ltr'><strong>stinum</strong></span> <span class='ocrx_word' id='word_1_94' title='bbox 339 1104 550 1160; x_wconf 81' lang='lat' dir='ltr'><strong>statum</strong></span> <span class='ocrx_word' id='word_1_95' title='bbox 577 1098 874 1179; x_wconf 75' lang='lat' dir='ltr'><strong>recipiunt.</strong></span> 
     </span>
    </p>
   </div>
   <div class='ocr_carea' id='block_1_4' title="bbox 107 1521 1951 1800">
    <p class='ocr_par' dir='ltr' id='par_1_4' title="bbox 107 1521 1951 1800">
     <span class='ocr_line' id='line_1_12' title="bbox 191 1521 1950 1608; baseline -0.004 -19"><span class='ocrx_word' id='word_1_96' title='bbox 191 1536 258 1589; x_wconf 62' lang='grc' dir='ltr'><strong>τ.</strong></span> <span class='ocrx_word' id='word_1_97' title='bbox 291 1523 544 1608; x_wconf 81' lang='lat' dir='ltr'><strong>Relegati</strong></span> <span class='ocrx_word' id='word_1_98' title='bbox 569 1529 754 1586; x_wconf 82' lang='lat' dir='ltr'><strong>autem</strong></span> <span class='ocrx_word' id='word_1_99' title='bbox 789 1529 978 1608; x_wconf 81' lang='lat' dir='ltr'><strong>patres</strong></span> <span class='ocrx_word' id='word_1_100' title='bbox 1019 1523 1080 1584; x_wconf 89' lang='lat' dir='ltr'><strong>in</strong></span> <span class='ocrx_word' id='word_1_101' title='bbox 1117 1521 1395 1602; x_wconf 76' lang='lat' dir='ltr'><strong>insulam,</strong></span> <span class='ocrx_word' id='word_1_102' title='bbox 1436 1524 1497 1584; x_wconf 84' lang='lat' dir='ltr'><strong>in</strong></span> <span class='ocrx_word' id='word_1_103' title='bbox 1534 1527 1807 1604; x_wconf 75' lang='lat' dir='ltr'><strong>potestate</strong></span> <span class='ocrx_word' id='word_1_104' title='bbox 1844 1539 1950 1582; x_wconf 80' lang='lat' dir='ltr'><strong>sua</strong></span> 
     </span>
     <span class='ocr_line' id='line_1_13' title="bbox 107 1615 1951 1700; baseline -0.004 -19"><span class='ocrx_word' id='word_1_105' title='bbox 107 1619 322 1681; x_wconf 81' lang='lat' dir='ltr'><strong>liberos</strong></span> <span class='ocrx_word' id='word_1_106' title='bbox 350 1621 614 1680; x_wconf 77' lang='lat' dir='ltr'><strong>retinent.</strong></span> <span class='ocrx_word' id='word_1_107' title='bbox 646 1617 715 1678; x_wconf 90' lang='lat' dir='ltr'><strong>Et</strong></span> <span class='ocrx_word' id='word_1_108' title='bbox 735 1637 803 1680; x_wconf 77' lang='lat' dir='ltr'><strong>ex</strong></span> <span class='ocrx_word' id='word_1_109' title='bbox 829 1619 1112 1680; x_wconf 79' lang='lat' dir='ltr'><strong>contrario</strong></span> <span class='ocrx_word' id='word_1_110' title='bbox 1140 1617 1307 1682; x_wconf 78' lang='lat' dir='ltr'><strong>liberi</strong></span> <span class='ocrx_word' id='word_1_111' title='bbox 1334 1615 1565 1698; x_wconf 73' lang='lat' dir='ltr'><strong>relegati</strong></span> <span class='ocrx_word' id='word_1_112' title='bbox 1589 1619 1649 1678; x_wconf 88' lang='lat' dir='ltr'><strong>in</strong></span> <span class='ocrx_word' id='word_1_113' title='bbox 1676 1621 1951 1700; x_wconf 76' lang='lat' dir='ltr'><strong>potestate</strong></span> 
     </span>
     <span class='ocr_line' id='line_1_14' title="bbox 107 1718 777 1800; baseline -0.001 -23"><span class='ocrx_word' id='word_1_114' title='bbox 107 1718 439 1800; x_wconf 81' lang='lat' dir='ltr'><strong>parentium</strong></span> <span class='ocrx_word' id='word_1_115' title='bbox 466 1722 777 1776; x_wconf 80' lang='lat' dir='ltr'><strong>remanent.</strong></span> 
     </span>
    </p>
   </div>
   <div class='ocr_carea' id='block_1_5' title="bbox 194 1803 2081 1891">
    <p class='ocr_par' dir='ltr' id='par_1_5' title="bbox 194 1803 2081 1891">
     <span class='ocr_line' id='line_1_15' title="bbox 194 1803 2081 1891; baseline -0.002 -19"><span class='ocrx_word' id='word_1_116' title='bbox 194 1823 258 1872; x_wconf 74' lang='lat'><strong>8.</strong></span> <span class='ocrx_word' id='word_1_117' title='bbox 297 1811 488 1870; x_wconf 83' lang='lat' dir='ltr'><strong>Poenoe</strong></span> <span class='ocrx_word' id='word_1_118' title='bbox 516 1829 708 1870; x_wconf 80' lang='lat' dir='ltr'><strong>servus</strong></span> <span class='ocrx_word' id='word_1_119' title='bbox 736 1807 968 1869; x_wconf 76' lang='lat' dir='ltr'><strong>effeetus</strong></span> <span class='ocrx_word' id='word_1_120' title='bbox 1003 1803 1150 1868; x_wconf 83' lang='lat' dir='ltr'><strong>filios</strong></span> <span class='ocrx_word' id='word_1_121' title='bbox 1184 1808 1247 1868; x_wconf 88' lang='lat' dir='ltr'><strong>in</strong></span> <span class='ocrx_word' id='word_1_122' title='bbox 1286 1816 1557 1891; x_wconf 78' lang='lat' dir='ltr'><strong>potestate</strong></span> <span class='ocrx_word' id='word_1_123' title='bbox 1596 1805 1809 1869; x_wconf 75' lang='lat' dir='ltr'><strong>habere</strong></span> <span class='ocrx_word' id='word_1_124' title='bbox 1847 1805 1952 1871; x_wconf 76' lang='lat' dir='ltr'><strong>de·</strong></span> <span class='ocrx_word' id='word_1_125' title='bbox 2072 1835 2081 1846; x_wconf 88' lang='lat'><strong>·</strong></span> 
     </span>
    </p>
   </div>
   <div class='ocr_carea' id='block_1_6' title="bbox 113 1898 1951 2082">
    <p class='ocr_par' dir='ltr' id='par_1_6' title="bbox 113 1898 1951 2082">
     <span class='ocr_line' id='line_1_16' title="bbox 115 1898 1951 1984; baseline -0.004 -21"><span class='ocrx_word' id='word_1_126' title='bbox 115 1907 260 1966; x_wconf 85' lang='lat' dir='ltr'><strong>sinit.</strong></span> <span class='ocrx_word' id='word_1_127' title='bbox 285 1904 448 1964; x_wconf 83' lang='lat' dir='ltr'><strong>Servi</strong></span> <span class='ocrx_word' id='word_1_128' title='bbox 476 1909 668 1964; x_wconf 78' lang='lat' dir='ltr'><strong>autem</strong></span> <span class='ocrx_word' id='word_1_129' title='bbox 693 1921 874 1984; x_wconf 80' lang='lat' dir='ltr'><strong>poenae</strong></span> <span class='ocrx_word' id='word_1_130' title='bbox 897 1899 1241 1974; x_wconf 78' lang='lat' dir='ltr'><strong>efficiuntur,</strong></span> <span class='ocrx_word' id='word_1_131' title='bbox 1262 1905 1359 1982; x_wconf 83' lang='lat' dir='ltr'><strong>qui</strong></span> <span class='ocrx_word' id='word_1_132' title='bbox 1388 1904 1445 1962; x_wconf 90' lang='lat' dir='ltr'><strong>in</strong></span> <span class='ocrx_word' id='word_1_133' title='bbox 1468 1899 1763 1962; x_wconf 80' lang='lat' dir='ltr'><strong>metallum</strong></span> <span class='ocrx_word' id='word_1_134' title='bbox 1792 1898 1951 1958; x_wconf 86' lang='lat' dir='ltr'><strong>dam-</strong></span> 
     </span>
     <span class='ocr_line' id='line_1_17' title="bbox 113 1992 1329 2082; baseline 0 -22"><span class='ocrx_word' id='word_1_135' title='bbox 113 2008 328 2060; x_wconf 80' lang='lat' dir='ltr'><strong>nantur</strong></span> <span class='ocrx_word' id='word_1_136' title='bbox 360 1995 474 2082; x_wconf 81' lang='lat'><strong>(2),</strong></span> <span class='ocrx_word' id='word_1_137' title='bbox 505 1997 688 2080; x_wconf 80' lang='lat' dir='ltr'><strong>etqui</strong></span> <span class='ocrx_word' id='word_1_138' title='bbox 715 1993 905 2059; x_wconf 77' lang='lat' dir='ltr'><strong>bestiis</strong></span> <span class='ocrx_word' id='word_1_139' title='bbox 929 1992 1329 2074; x_wconf 74' lang='lat' dir='ltr'><strong>subjiciuntur.</strong></span> 
     </span>
    </p>
   </div>
   <div class='ocr_carea' id='block_1_7' title="bbox 129 2924 1965 3114">
    <p class='ocr_par' dir='ltr' id='par_1_7' title="bbox 129 2924 1965 3114">
     <span class='ocr_line' id='line_1_18' title="bbox 199 2924 1965 3009; baseline -0.012 -3"><span class='ocrx_word' id='word_1_140' title='bbox 199 2951 275 3006; x_wconf 77' lang='grc'><strong>4.</strong></span> <span class='ocrx_word' id='word_1_141' title='bbox 304 2935 754 3009; x_wconf 78' lang='lat' dir='ltr'><strong>Filiust&#39;amilias,</strong></span> <span class='ocrx_word' id='word_1_142' title='bbox 781 2937 829 2996; x_wconf 84' lang='lat' dir='ltr'><strong>si</strong></span> <span class='ocrx_word' id='word_1_143' title='bbox 857 2931 1183 2998; x_wconf 72' lang='lat' dir='ltr'><strong>militam-tt</strong></span> <span class='ocrx_word' id='word_1_144' title='bbox 1206 2927 1295 2994; x_wconf 80' lang='lat' dir='ltr'><strong>vel</strong></span> <span class='ocrx_word' id='word_1_145' title='bbox 1323 2930 1370 2992; x_wconf 87' lang='lat' dir='ltr'><strong>si</strong></span> <span class='ocrx_word' id='word_1_146' title='bbox 1396 2935 1623 2992; x_wconf 83' lang='lat' dir='ltr'><strong>senator</strong></span> <span class='ocrx_word' id='word_1_147' title='bbox 1647 2927 1738 2990; x_wconf 83' lang='lat' dir='ltr'><strong>vel</strong></span> <span class='ocrx_word' id='word_1_148' title='bbox 1762 2924 1965 2988; x_wconf 74' lang='lat' dir='ltr'><strong>consul</strong></span> 
     </span>
     <span class='ocr_line' id='line_1_19' title="bbox 129 3009 1963 3114; baseline -0.009 -17"><span class='ocrx_word' id='word_1_149' title='bbox 129 3036 298 3097; x_wconf 79' lang='lat' dir='ltr'><strong>fuerit</strong></span> <span class='ocrx_word' id='word_1_150' title='bbox 335 3035 547 3106; x_wconf 81' lang='lat' dir='ltr'><strong>factus,</strong></span> <span class='ocrx_word' id='word_1_151' title='bbox 585 3038 778 3094; x_wconf 83' lang='lat' dir='ltr'><strong>manet</strong></span> <span class='ocrx_word' id='word_1_152' title='bbox 802 3031 862 3092; x_wconf 88' lang='lat' dir='ltr'><strong>in</strong></span> <span class='ocrx_word' id='word_1_153' title='bbox 895 3035 1168 3114; x_wconf 76' lang='lat' dir='ltr'><strong>potestate</strong></span> <span class='ocrx_word' id='word_1_154' title='bbox 1194 3009 1397 3110; x_wconf 48' lang='lat' dir='ltr'><strong>patria</strong></span> <span class='ocrx_word' id='word_1_155' title='bbox 1438 3024 1643 3086; x_wconf 85' lang='lat' dir='ltr'><strong>militia</strong></span> <span class='ocrx_word' id='word_1_156' title='bbox 1680 3023 1830 3082; x_wconf 84' lang='lat' dir='ltr'><strong>enim</strong></span> <span class='ocrx_word' id='word_1_157' title='bbox 1872 3019 1963 3082; x_wconf 87' lang='lat' dir='ltr'><strong>vel</strong></span> 
     </span>
    </p>
   </div>
   <div class='ocr_carea' id='block_1_8' title="bbox 125 3116 1961 3434">
    <p class='ocr_par' dir='ltr' id='par_1_8' title="bbox 125 3116 1961 3434">
     <span class='ocr_line' id='line_1_20' title="bbox 125 3116 1811 3210; baseline -0.009 -16"><span class='ocrx_word' id='word_1_158' title='bbox 125 3129 444 3194; x_wconf 79' lang='lat' dir='ltr'><strong>consularis</strong></span> <span class='ocrx_word' id='word_1_159' title='bbox 472 3127 716 3210; x_wconf 73' lang='lat' dir='ltr'><strong>dignitas</strong></span> <span class='ocrx_word' id='word_1_160' title='bbox 743 3132 1012 3209; x_wconf 84' lang='lat' dir='ltr'><strong>potestate</strong></span> <span class='ocrx_word' id='word_1_161' title='bbox 1039 3124 1215 3206; x_wconf 83' lang='lat' dir='ltr'><strong>patris</strong></span> <span class='ocrx_word' id='word_1_162' title='bbox 1242 3120 1425 3182; x_wconf 86' lang='lat' dir='ltr'><strong>fllium</strong></span> <span class='ocrx_word' id='word_1_163' title='bbox 1446 3137 1564 3178; x_wconf 87' lang='lat' dir='ltr'><strong>non</strong></span> <span class='ocrx_word' id='word_1_164' title='bbox 1592 3116 1811 3178; x_wconf 77' lang='lat' dir='ltr'><strong>liberat.</strong></span> 
     </span>
     <span class='ocr_line' id='line_1_21' title="bbox 127 3228 1961 3264; baseline -0.014 5"><span class='ocrx_word' id='word_1_165' title='bbox 127 3228 1961 3264; x_wconf 44' lang='lat' dir='ltr'><strong>*qm—*m*-</strong></span> 
     </span>
     <span class='ocr_line' id='line_1_22' title="bbox 191 3290 1514 3360; baseline -0.01 -12"><span class='ocrx_word' id='word_1_166' title='bbox 191 3303 260 3360; x_wconf 87' lang='lat'><strong>(1)</strong></span> <span class='ocrx_word' id='word_1_167' title='bbox 285 3297 410 3346; x_wconf 78' lang='lat' dir='ltr'><strong>Alias</strong></span> <span class='ocrx_word' id='word_1_168' title='bbox 429 3312 446 3344; x_wconf 71' lang='grc' dir='ltr'><strong><em>ε</em></strong></span> <span class='ocrx_word' id='word_1_169' title='bbox 472 3297 674 3346; x_wconf 79' lang='lat' dir='ltr'><strong>restituti</strong></span> <span class='ocrx_word' id='word_1_170' title='bbox 699 3295 872 3344; x_wconf 76' lang='lat' dir='ltr'><strong>fuerint</strong></span> <span class='ocrx_word' id='word_1_171' title='bbox 889 3310 977 3358; x_wconf 76' lang='lat' dir='ltr'><strong>per</strong></span> <span class='ocrx_word' id='word_1_172' title='bbox 997 3295 1155 3340; x_wconf 78' lang='lat' dir='ltr'><strong>omnia</strong></span> <span class='ocrx_word' id='word_1_173' title='bbox 1171 3326 1183 3346; x_wconf 92' lang='lat'>,</span> <span class='ocrx_word' id='word_1_174' title='bbox 1212 3290 1514 3353; x_wconf 68' lang='lat' dir='ltr'><strong>pristinum...</strong></span> 
     </span>
     <span class='ocr_line' id='line_1_23' title="bbox 196 3355 1958 3434; baseline -0.011 -13"><span class='ocrx_word' id='word_1_175' title='bbox 196 3373 270 3434; x_wconf 78' lang='lat'><strong>(2)</strong></span> <span class='ocrx_word' id='word_1_176' title='bbox 296 3393 319 3414; x_wconf 75' lang='grc' dir='ltr'><strong><em>κ</em></strong></span> <span class='ocrx_word' id='word_1_177' title='bbox 345 3374 392 3419; x_wconf 89' lang='lat' dir='ltr'><strong>Si</strong></span> <span class='ocrx_word' id='word_1_178' title='bbox 409 3388 464 3420; x_wconf 84' lang='lat' dir='ltr'><strong>ex</strong></span> <span class='ocrx_word' id='word_1_179' title='bbox 484 3372 674 3419; x_wconf 81' lang='lat' dir='ltr'><strong>decreto</strong></span> <span class='ocrx_word' id='word_1_180' title='bbox 691 3369 900 3432; x_wconf 78' lang='lat' dir='ltr'><strong>judiciali</strong></span> <span class='ocrx_word' id='word_1_181' title='bbox 917 3370 966 3416; x_wconf 75' lang='lat' dir='ltr'><strong>in</strong></span> <span class='ocrx_word' id='word_1_182' title='bbox 989 3365 1235 3416; x_wconf 75' lang='lat' dir='ltr'><strong>metallum</strong></span> <span class='ocrx_word' id='word_1_183' title='bbox 1257 3363 1445 3426; x_wconf 76' lang='lat' dir='ltr'><strong>aliquis,</strong></span> <span class='ocrx_word' id='word_1_184' title='bbox 1468 3373 1549 3409; x_wconf 74' lang='lat' dir='ltr'><strong>aut</strong></span> <span class='ocrx_word' id='word_1_185' title='bbox 1566 3362 1653 3418; x_wconf 76' lang='lat' dir='ltr'><strong>vir,</strong></span> <span class='ocrx_word' id='word_1_186' title='bbox 1672 3369 1753 3404; x_wconf 76' lang='lat' dir='ltr'><strong>aut</strong></span> <span class='ocrx_word' id='word_1_187' title='bbox 1769 3355 1958 3417; x_wconf 57' lang='lat' dir='ltr'><strong>mulier,</strong></span> 
     </span>
    </p>
   </div>
  </div>
 </body>
</html>
