2292 3684
427 110 574 151 sus-r.
606 110 753 151 εκεῖ.
784 111 837 152 1..
871 110 949 153 iv.
979 111 1035 153 τ.
1063 110 1163 155 xv.
1204 111 1278 156 nt
1308 110 1681 153 tmssmcris.
1866 100 1969 155 653

115 214 266 275 serit
286 232 448 287 sam,
481 212 588 275 hoc
617 213 973 273 interdictum
1003 216 1055 272 ei
1077 212 1277 279 inutile
1306 221 1408 273 est.
1442 214 1808 277 Interdictum
1834 234 1971 295 quo-

117 327 245 388 que
263 306 419 386 quod
447 305 771 387 appellatur
805 306 1163 377 salvianum,
1204 306 1575 387 adipiscendae
1604 310 1973 387 possessionis

116 420 306 460 oense
332 408 725 481 comparatum
755 411 866 475 est,
897 420 1078 481 eoque
1107 402 1283 460 utitur
1311 400 1574 461 dominus
1603 400 1759 459 fundi
1794 401 1861 459 de
1888 422 1974 461 re-

117 491 242 554 bus
271 490 475 563 coloni,
515 513 658 575 quas
688 495 738 553 is
777 514 882 574 pro
924 492 1279 555 mercedibus
1308 492 1467 551 fundi
1500 496 1723 575 pignori
1754 494 1970 555 suturas

117 587 454 665 pepigisset.

207 1178 278 1229 4.
319 1162 644 1227 Retinendse
673 1164 1044 1243 possessionis
1071 1182 1245 1224 causa
1271 1172 1599 1245 comparata
1636 1174 1773 1227 sunt
1796 1168 1969 1227 inter-

115 1260 279 1321 dieta
317 1276 401 1319 tm
445 1274 736 1317 eossmerrs
779 1264 834 1315 et
873 1274 1056 1317 ursum
1075 1301 1091 1330 ,
1131 1276 1263 1317 cum
1307 1257 1383 1317 ab
1424 1266 1667 1337 utraque
1703 1268 1865 1341 perte
1901 1260 1971 1321 de

117 1353 475 1434 proprietate
503 1348 741 1428 alicujus
769 1351 852 1408 rei
889 1350 1272 1419 controversia
1306 1352 1407 1421 sit,
1450 1359 1505 1409 et
1537 1360 1669 1411 aute
1704 1355 1975 1434 quaeritur

122 1452 260 1505 uter
288 1462 357 1501 ex
369 1440 750 1520 litigatoribus
775 1438 1088 1520 possidere,
1119 1446 1176 1499 et
1198 1448 1322 1498 uter
1344 1448 1533 1521 petere
1555 1440 1768 1501 debeat.
1800 1443 1971 1503 Nam-

124 1556 244 1617 que
273 1582 288 1607 ‚
331 1537 442 1595 uisi
470 1542 601 1595 ante
629 1532 1024 1613 explorantum
1057 1532 1437 1607 fuerit-utrius
1466 1553 1663 1594 eorum
1693 1540 1971 1617 possessio

127 1632 226 1701 sit,
271 1646 388 1688 non
425 1633 608 1708 potest
643 1628 904 1707 petitoria
941 1627 1084 1685 aetio
1135 1626 1387 1697 institui,
1436 1628 1571 1707 quia
1606 1637 1663 1686 et
1704 1628 1879 1688 civilis
1920 1639 1975 1689 et

125 1724 404 1786 naturalis
439 1723 588 1781 ratio
621 1720 758 1779 facit
784 1728 847 1777 ut
884 1719 1028 1779 alius
1056 1719 1375 1800 possideat,
1409 1719 1553 1781 alius
1582 1742 1615 1781 a
1652 1722 1971 1803 possidente

123 1824 298 1897 potat.
333 1816 399 1874 Et
427 1815 561 1894 quia
586 1811 754 1893 longe
781 1811 1134 1873 commodius
1156 1820 1239 1871 est
1268 1812 1556 1893 possidere
1579 1817 1765 1893 potius
1795 1836 1969 1896 quem

123 1916 350 1991 petere,
379 1908 508 1967 ideo
533 1906 870 1987 plerumque
897 1913 952 1965 et
981 1906 1100 1967 fere
1135 1926 1361 1987 semper
1395 1909 1599 1988 ingens
1626 1910 1809 1969 existit
1836 1930 1973 1969 con-

117 2002 304 2063 tentio
332 1998 402 2061 de
425 2001 554 2082 ipsa
589 2000 966 2079 possessione.
1007 1998 1383 2058 Commodum
1420 2010 1607 2061 autem
1644 2002 1971 2083 possidendi

112 2100 184 2155 in
213 2114 282 2157 eo
314 2102 426 2166 est,
459 2093 642 2173 quod,
682 2093 902 2167 etiamsi
929 2093 1053 2171 ejus
1093 2112 1187 2151 res
1223 2113 1339 2153 non
1370 2094 1441 2151 sit
1477 2096 1575 2173 qui
1612 2095 1889 2173 possidet,
1921 2099 1971 2158 si

116 2188 296 2249 modo
329 2195 484 2247 actor
512 2206 626 2245 nou
660 2186 906 2265 potuerit
931 2205 1092 2244 suam
1123 2205 1245 2246 esse
1269 2186 1516 2269 probare
1540 2233 1555 2258 ‚
1587 2200 1839 2249 remanet
1868 2208 1971 2249 suo
2068 2177 2075 2187 ⁸

113 2285 248 2345 loco
277 2281 556 2361 possessio
588 2302 602 2337 z
642 2288 879 2360 propter
906 2299 1080 2358 quam
1109 2299 1370 2355 causam,
1404 2301 1534 2340 cum
1571 2282 1815 2341 obseura
1838 2292 1970 2342 sunt

116 2378 422 2455 utriusque
443 2376 576 2452 jura
599 2418 614 2444 ,
645 2381 842 2433 contra
869 2375 1169 2453 petitorem
1192 2374 1439 2453 judicari
1468 2375 1629 2437 solet.
1664 2376 1771 2435 Sed
1800 2378 1975 2437 inter-

113 2470 276 2531 dicto
291 2466 521 2549 quidem
547 2485 630 2527 υτι
659 2484 948 2527 Possumus
975 2465 1044 2525 de
1073 2465 1236 2525 fundi
1262 2467 1349 2529 vel
1384 2468 1588 2529 oedium
1622 2471 1972 2550 possessione

115 2562 520 2635 contenditur,
570 2578 752 2635 ursum
798 2579 930 2619 vero
977 2560 1273 2621 interdicto
1319 2562 1389 2623 de
1436 2581 1629 2623 rerum
1670 2562 1969 2623 mobilium

117 2658 496 2740 possessione.
543 2653 798 2725 Quorum
845 2655 925 2713 vis
967 2674 1032 2713 ae
1073 2662 1318 2734 potestus
1358 2654 1669 2745 plurimam
1714 2658 1863 2715 inter
1910 2676 1969 2717 se

115 2751 508 2813 differentium
533 2746 688 2828 apud
716 2755 928 2807 veteres
953 2746 1207 2807 habebat
1238 2770 1251 2806 ε
1287 2768 1421 2807 nem
1449 2767 1531 2809 tm
1564 2768 1851 2811 Possmssns
1879 2752 1970 2809 in·

115 2844 358 2907 tex-dieto
386 2844 434 2906 is
463 2838 753 2914 vincebat,
785 2842 883 2921 qui
911 2840 1191 2900 interdicti
1229 2850 1483 2925 tempore
1519 2842 1841 2923 poissidebat
1864 2890 1879 2915 ,
1922 2844 1969 2902 si

119 2939 296 3001 modo
320 2956 424 2997 nec
451 2937 530 3012 vi,
564 2955 668 2997 nec
693 2934 871 3007 elem,
904 2954 1007 2994 nec
1039 2938 1299 3016 precario
1328 2945 1527 2997 nactus
1558 2937 1742 2997 fuerat
1763 2935 1837 2995 ab
1870 2936 1971 2997 ad-

115 3033 374 3095 versario
393 3031 828 3111 possessionem,
849 3030 1071 3088 etiamsi
1091 3027 1271 3088 alium
1288 3029 1341 3087 vi
1369 3028 1679 3109 expulerat,
1699 3038 1796 3090 aut
1819 3028 1964 3089 clam

119 3126 456 3207 abripueret
481 3121 1211 3203 alienampossessionem,
1244 3132 1340 3182 aut
1377 3126 1635 3203 precario
1668 3132 1967 3203 rogaverat

120 3220 376 3301 aliquem
404 3225 468 3279 ut
498 3216 608 3277 sibi
639 3216 922 3297 possidere
950 3216 1177 3287 liceret3
1217 3235 1399 3277 ursum
1430 3238 1562 3277 vero
1596 3215 1889 3277 interdicto
1917 3218 1965 3273 is

115 3312 410 3384 vincebat,
441 3312 542 3392 qui
571 3310 790 3388 majore
827 3316 986 3387 parte
1022 3310 1146 3387 ejus
1184 3310 1323 3368 anni
1362 3330 1468 3370 nec
1500 3311 1589 3381 vi,
1640 3327 1743 3369 nec
1784 3306 1961 3376 clem,

119 3424 229 3466 nee
257 3404 515 3484 precario
539 3400 614 3461 ab
639 3400 960 3459 adversario
979 3398 1321 3479 possidebat.
