2292 3684
0 184 4 195 ,
43 155 99 198 1..
128 156 193 212 n,
218 155 276 198 τ.
305 156 383 197 ιι.
416 156 523 198 nn
552 154 695 203 Quas
717 153 947 195 naason.
976 151 1106 193 noa.
1134 152 1362 201 Ancum.
1403 139 1513 195 2¹5

0 276 49 318 ns
76 265 265 318 autem
305 258 562 318 adhiberi
597 265 831 337 possunt
862 258 904 316 ii
934 276 1065 317 cum
1092 253 1300 335 quibua
1337 265 1513 316 testa-

0 354 53 411 io
80 360 179 414 ost.
211 351 318 413 Sed
341 372 526 434 neque
551 351 774 424 mulier,
805 370 989 432 neque
1018 348 1297 430 impubes,
1329 369 1513 430 neque

0 466 121 527 tque
148 446 421 518 furiosus,
452 464 639 526 neque
672 453 894 518 mutua,
917 464 1109 525 ,neque
1147 442 1380 515 surdus,
1411 463 1517 504 nee

0 540 354 600 interdictum
394 548 505 612 est,
538 558 642 600 nee
675 540 723 599 i·
765 558 937 620 quem
980 538 1131 619 leges
1162 538 1371 618 jubent
1405 539 1515 597 im-

0 634 448 717 itestabiiemque
473 654 622 708 esse,
663 644 901 716 possunt
926 635 986 694 in
1023 651 1262 693 numero
1289 634 1517 695 testium

0 842 106 881 :um
128 821 334 902 aliquis
352 841 419 881 ex
438 820 675 883 testibus
692 822 1005 881 testamenti
1027 822 1259 901 quidem
1277 822 1517 883 faciendi

7 914 110 975 ber
136 913 594 987 existimabatur,
628 923 821 996 postea
847 934 977 975 vero
1006 936 1197 976 servus
1226 919 1517 998 apparuit,

0 1028 13 1066 ι
60 1006 381 1067 Hadrianus
428 1007 666 1067 Catonio
715 1008 891 1080 Vero,
945 1027 1117 1088 quam
1169 1019 1362 1089 postea
1409 1010 1521 1069 divi

0 1146 3 1156 .
38 1099 359 1160 Antoninus
394 1101 833 1181 rescripserunt,
876 1098 1176 1161 subvenire
1219 1122 1277 1161 se
1315 1123 1382 1162 ex
1420 1123 1521 1163 sua

0 1212 22 1251 e
48 1199 408 1264 testamento,
439 1200 502 1251 ut
529 1193 609 1252 sic
635 1192 914 1251 habeatur
940 1200 1107 1274 atque
1136 1196 1274 1254 si‘ut
1303 1205 1521 1277 oportet

0 1297 87 1359 tet3
112 1307 241 1347 eum
264 1308 331 1347 eo
349 1297 602 1369 tempore
624 1308 737 1368 quo
759 1296 1153 1349 testamentum
1175 1292 1517 1372 signaretur.

0 1404 257 1444 :onsensu
288 1383 379 1444 hic
415 1386 572 1444 testis
602 1383 916 1444 liberorum
942 1382 1067 1444 loco
1105 1384 1302 1459 suerit,
1341 1406 1525 1469 nequa

20 1488 164 1539 esset
190 1481 287 1559 qui
315 1479 491 1538 status
516 1480 565 1538 ei
595 1480 1258 1559 quoestionem.movisset.

4 1595 61 1648 r,
86 1593 192 1633 nec
219 1594 333 1633 non
363 1575 409 1633 is
439 1574 536 1654 qui
569 1574 628 1631 in
660 1581 933 1652 potestate
961 1574 1082 1653 ejus
1112 1583 1220 1644 est,
1252 1574 1384 1632 item
1415 1572 1525 1635 duo

2 1672 18 1727 i
46 1672 104 1728 in
136 1669 388 1749 ejusdem
418 1670 594 1750 patris
625 1675 895 1747 potestate
924 1676 1085 1739 sunt,
1117 1669 1529 1749 utriquetestes

0 1773 264 1824 stamento
293 1764 415 1823 fieri
451 1772 714 1844 possunt3
757 1763 890 1841 quia
922 1760 1065 1820 nihil
1103 1772 1267 1823 nocet
1307 1782 1375 1822 ex
1412 1783 1525 1823 una

0 1877 73 1916 res
102 1863 269 1915 testes
298 1855 483 1915 alieno
512 1856 734 1937 negotio
764 1852 1042 1915 adhiberi.

0 1947 213 2008 estibus
246 1958 434 2008 autem
474 1967 589 2007 non
629 1945 795 2005 debet
831 1965 980 2019 esse,
1022 1945 1119 2026 qui
1159 1946 1218 2004 in
1257 1953 1526 2027 potestate

0 2050 93 2101 est.

2 2137 50 2195 si
88 2134 487 2194 filiusfamilias
531 2133 600 2193 de
639 2133 909 2193 castrensi
958 2130 1175 2213 peculio
1221 2144 1354 2215 post·
1387 2137 1525 2195 mis-

0 2229 104 2287 ciat
132 2233 555 2297 testamentum,
583 2244 685 2284 nec
714 2234 875 2305 pater
900 2224 1022 2305 ejus
1051 2234 1200 2285 recte
1227 2225 1529 2287 adhibetur

0 2342 20 2381 t:
52 2323 99 2379 is
138 2322 235 2402 qui
266 2322 325 2379 in
360 2327 630 2402 potestate
668 2317 919 2396 ejusdem
961 2319 1137 2397 patris
1179 2326 1286 2389 est;
1325 2340 1525 2403 repro-

25 2418 179 2476 enim
206 2418 263 2475 in
293 2435 360 2476 ea
377 2435 439 2475 re
467 2414 836 2474 domesticum
864 2413 1265 2474 testimonium.

0 3332 37 3393 d
62 3351 249 3415 nequa
270 3331 440 3395 heres
462 3332 731 3413 scriptus,
751 3352 938 3417 neque
963 3334 1013 3394 i·
1040 3334 1138 3414 qui
1167 3335 1228 3394 in
1257 3339 1533 3415 potestate
1618 3426 1625 3431 a
