2292 3684
368 104 689 147 meumst.
727 105 887 161 1..11,
928 106 1057 147 τη.
1094 103 1171 146 na
1200 105 1486 148 mvxstoan
1510 106 1722 149 annun.
1860 94 1942 149 ⁴5·

140 204 223 265 vel
259 203 524 265 arborum
565 204 753 267 locum
796 204 937 264 alias
978 204 1145 267 debet
1181 205 1522 269 substituere
1567 228 1580 266 ε
1624 214 1772 269 recte
1807 212 1914 268 eni·

138 300 309 360 colere
334 300 499 360 debet
524 308 579 360 et
606 302 767 380 quasi
795 300 981 361 bonus
1008 301 1434 383 paterfamilias.

216 404 325 455 ³8.
356 392 673 453 Thesauros
708 412 851 473 quos
889 394 1015 472 quis
1055 396 1115 452 in
1159 392 1284 453 loeo
1326 413 1428 453 sno
1463 394 1773 468 invenerit,
1803 395 1964 457 divus

138 486 471 560 Hadrianus,
512 485 823 547 natmlem
852 489 1172 567 nequitatem
1201 495 1452 560 secutus,
1485 490 1538 548 ei
1565 490 1838 550 concessit
1865 494 1965 572 qni

137 582 425 651 invenerit3
464 578 727 660 idemque
764 581 985 651 statuit,
1018 582 1067 639 si
1103 582 1230 661 quis
1268 582 1328 639 in
1371 600 1531 642 sacro
1569 591 1667 642 aut
1703 582 1964 665 religioso

134 673 257 733 loeo
283 673 508 734 fortuito
534 692 664 733 casu
693 674 987 733 invenerit.
1019 672 1091 732 At
1116 674 1168 732 si
1196 673 1322 753 quis
1349 674 1409 732 in
1440 674 1628 735 alieno
1653 674 1807 750 loco,
1849 698 1963 738 non

136 767 265 828 data
289 766 357 827 ad
381 764 489 827 hoc
515 786 715 848 opera,
740 765 837 826 sed
862 765 1093 827 fortuito
1120 768 1422 842 invenerit,
1451 768 1746 829 dimidium
1773 772 1967 832 inven-

140 862 272 933 tori,
307 859 599 919 dimidium
635 860 870 919 domino
899 859 1003 920 soli
1030 861 1321 921 concessit.
1356 862 1426 919 Et
1451 866 1878 935 convenienter,
1917 868 1965 924 ai

140 955 265 1033 quis
288 956 344 1012 in
370 953 603 1013 Caesaris
627 952 753 1014 loco
781 955 1081 1027 invenerit,
1119 953 1418 1013 dimidium
1445 957 1773 1027 inventoris,
1805 955 1968 1017 dimi-

134 1046 287 1106 dium
309 1046 539 1107 Caesaris
566 1067 687 1107 esse
714 1048 918 1107 statuit.
947 1046 1051 1106 Cui
1078 1049 1416 1107 conveniens
1445 1056 1546 1121 est,
1571 1055 1652 1119 ut,
1677 1050 1724 1107 si
1753 1051 1878 1129 quis
1906 1052 1965 1109 in

80 1158 85 1161 ·
132 1138 306 1201 fiscali
342 1139 466 1201 loeo
510 1140 595 1201 vel
632 1139 864 1221 publico
910 1142 1216 1213 invenerit,
1259 1140 1556 1201 dimidium
1595 1143 1775 1222 ipsius
1817 1162 1962 1218 esse,

132 1234 425 1295 dimidium
455 1233 577 1295 fisci
607 1234 693 1293 vel
722 1234 978 1293 civitatis.

208 1340 325 1390 4⁰.
359 1330 468 1388 Per
496 1328 855 1388 traditionem
882 1346 1109 1408 quoqne
1130 1328 1262 1407 jure
1290 1320 1534 1387 naturali
1565 1346 1654 1387 res
1683 1328 1848 1388 nobis
1872 1328 1968 1388 ad·

130 1425 433 1505 quit-untur
462 1444 479 1481 ε
519 1420 665 1481 nihil
700 1423 853 1481 enim
887 1430 1002 1481 tam
1040 1423 1382 1483 conveniens
1409 1430 1492 1480 est
1519 1422 1768 1482 naturali
1800 1424 1969 1503 aequi-

126 1519 245 1587 tati,
266 1536 439 1597 quam
462 1514 807 1577 voluntatem
832 1514 1069 1587 domini,
1091 1512 1330 1574 volentis
1358 1534 1479 1573 rem
1509 1535 1672 1575 suam
1699 1517 1758 1575 in
1790 1514 1967 1576 alium

132 1611 463 1685 transferre,
496 1618 679 1671 ratam
708 1609 925 1671 haberi.

204 1704 273 1762 Et
312 1703 441 1763 ideo
484 1705 891 1782 cujuscumque
928 1702 1150 1783 generis
1190 1702 1262 1761 sit
1306 1698 1618 1781 corporalis
1661 1720 1780 1772 res,
1822 1702 1969 1762 tradi

135 1806 309 1879 potest
340 1807 395 1857 et
438 1817 472 1856 a
512 1795 744 1855 domino
782 1793 987 1853 tradita
1024 1792 1322 1854 alienatur.
1364 1794 1560 1874 ltaque
1606 1793 1972 1875 stipendiaria

136 1913 350 1974 quoque
399 1901 455 1952 et
500 1890 799 1951 tributaria
847 1889 1059 1971 proedia
1116 1888 1313 1949 eodem
1360 1888 1531 1949 modo
1581 1888 1902 1950 alienantur
1952 1915 1964 1951 :

136 1995 398 2046 vocantur
426 1991 617 2046 autem
644 1982 1012 2064 stipendiaria
1038 1989 1095 2042 et
1124 1980 1428 2042 tributaria
1464 1980 1706 2063 praedia,
1747 2003 1873 2064 quae
1910 1984 1970 2043 in

132 2080 436 2159 provinciis
479 2084 613 2137 sunt
647 2100 660 2137 :
698 2079 846 2136 inter
884 2094 1008 2157 quae
1045 2094 1149 2134 nec
1187 2095 1303 2135 non
1343 2083 1396 2134 et
1431 2072 1616 2134 italica
1655 2076 1865 2156 praedia
1905 2098 1974 2137 ex

130 2182 321 2233 nostra
348 2173 751 2233 constitutione
772 2170 855 2249 (l)
881 2168 1041 2229 nulla
1059 2178 1142 2229 est
1160 2168 1511 2239 disset-entim
1534 2168 1652 2240 sed,
1678 2170 1723 2229 si
1743 2170 1971 2251 quidem

128 2286 192 2327 ex
224 2287 405 2327 causa
444 2266 763 2325 donationis
798 2273 894 2324 aut
929 2262 1073 2323 dotis
1111 2272 1212 2323 aut
1248 2260 1502 2343 qualibet
1544 2260 1656 2322 alia
1695 2282 1763 2321 ex
1803 2283 1972 2323 causa

131 2360 455 2429 tradantur,
490 2360 611 2417 sine
638 2355 815 2416 dubio
836 2356 1282 2417 transferuntur.

200 2463 327 2515 41.
378 2450 629 2512 Venditoe
674 2468 806 2509 vero
854 2468 945 2509 res
988 2454 1044 2509 et
1088 2447 1308 2508 traditoe
1358 2467 1473 2508 non
1522 2447 1685 2509 aliter
1732 2450 1973 2529 emptori

128 2545 538 2626 adquiruntur,
578 2562 753 2624 quam
793 2544 841 2601 si
883 2544 931 2602 ia
973 2542 1251 2602 venditori
1296 2543 1540 2622 pretium
1583 2540 1840 2614 solverit,
1887 2541 1972 2601 vel

130 2636 239 2697 alio
264 2637 441 2697 modo
476 2638 531 2696 ei
563 2634 919 2705 satisfecerit,
954 2634 1123 2693 veluti
1153 2636 1568 2715 expromissore
1602 2644 1700 2694 aut
1736 2638 1974 2716 pignore

128 2729 275 2791 dato.
292 2730 457 2803 Quod
476 2738 706 2790 cavetur
722 2728 950 2808 quidem
972 2728 1143 2787 etiam
1166 2726 1288 2808 lege
1309 2726 1604 2787 duodecim
1623 2726 1968 2797 tabularum,

132 2830 323 2881 tamen
354 2831 503 2883 recte
538 2820 740 2881 dicitur
762 2828 816 2879 et
840 2822 971 2900 jure
1001 2821 1286 2901 gentium,
1320 2817 1379 2876 id
1416 2828 1525 2892 est,
1563 2819 1691 2899 jure
1726 2820 1972 2878 naturali

132 2916 186 2975 id
208 2916 382 2980 effici.
401 2916 539 3002 βοᾶ,
569 2918 619 2977 si
646 2916 695 2975 is
721 2918 821 2996 qui
843 2914 1115 2988 vendidit,
1137 2914 1307 2975 fidem
1327 2916 1598 2996 emptoris
1618 2922 1840 2975 secutus
1859 2922 1969 2988 est,

133 3010 433 3073 dicendum
462 3020 547 3073 est
572 3012 761 3073 statim
792 3030 913 3073 rem
942 3012 1216 3091 emptoris
1245 3007 1386 3071 fieri.

200 3285 277 3349 (1)
295 3288 345 3339 L.
378 3305 469 3346 tm„
498 3292 573 3349 0.,
598 3287 667 3337 Dc
696 3288 816 3335 mado
822 3291 933 3352 jure
952 3288 1118 3347 Quiris.
1151 3284 1352 3334 tollendo
1375 3284 1487 3349 (vn,
1513 3282 1616 3346 25).
