2292 3684
367 118 520 163 suar.
545 122 690 165 lm.
723 126 774 165 1„
805 123 884 181 ιτ,
908 126 964 167 ¹1¹.
991 122 1159 167 xvm.
1198 124 1269 165 ne
1298 124 1547 169 runcinis
1570 126 1818 169 sentens.
1910 114 2015 168 673

144 278 156 291 ,
181 240 424 298 persona
453 234 808 305 praegravare
835 227 1089 287 videatur
1115 220 1483 308 adjudicatio,
1528 228 1695 289 debet
1726 228 1882 287 hunc
1914 228 2017 285 in-

181 314 360 373 vicem
391 316 653 376 cobet-edi
685 329 835 378 certa
864 323 1136 401 pecunia,
1170 325 1313 381 sicut
1340 323 1465 400 jam
1499 321 1707 381 dictum
1738 329 1847 393 est,
1880 340 2017 401 con·

181 407 469 470 demnare.
514 412 594 470 Eo
630 434 855 495 quoque
894 419 1126 474 nomine
1166 415 1427 475 coheredi
1465 418 1704 497 quisque
1736 434 1838 473 suo
1878 433 2022 473 con-

179 498 535 564 demnandus
567 514 676 577 est,
710 506 861 587 quod
888 508 1040 567 solus
1070 508 1287 568 fructus
1327 509 1651 568 hereditarii
1687 506 1851 565 fundi
1890 526 2023 586 per-

179 598 422 674 ceperit,
446 606 542 656 aut
565 618 686 657 rem
707 598 1104 660 hereditariam
1124 604 1442 682 corruperit
1465 610 1563 661 aut
1582 601 2015 679 consumpserit.

179 686 319 757 Quae
361 677 589 769 quidem
634 690 892 752 similiter
943 694 1094 754 inter
1143 694 1336 774 plures
1384 714 1617 776 quoque
1660 713 1831 774 quam
1878 692 2020 751 duos

179 779 488 841 coheredes
516 782 962 864 subsequuntur.

265 878 332 936 5.
387 876 600 935 Eadem
641 880 1052 953 interveniunt,
1094 889 1149 941 et
1194 884 1240 941 si
1277 882 1569 941 communi
1612 878 1917 939 dividundo
1950 878 2021 937 de

185 966 446 1049 pini-ihus
485 969 656 1029 rebus
697 981 884 1031 actum
933 972 1118 1034 suerit.
1162 974 1322 1045 Quod
1359 976 1408 1033 si
1455 973 1523 1033 de
1562 992 1677 1031 una
1716 991 1809 1044 re,
1851 970 2023 1030 veluti

183 1060 390 1133 fundo,
442 1063 491 1120 si
523 1063 749 1143 quidem
785 1067 890 1125 iste
925 1065 1136 1126 fundus
1173 1067 1469 1127 commode
1510 1063 1839 1145 regionibus
1874 1064 2023 1122 divi-

184 1154 404 1214 sionem
433 1159 694 1236 recipiat,
729 1166 918 1238 partes
955 1161 1078 1239 ejus
1111 1160 1351 1241 singulis
1381 1159 1705 1238 adjudicare
1741 1156 1938 1226 debet,
1970 1164 2024 1215 et

125 1276 134 1285 ·
183 1247 234 1305 si
262 1248 432 1306 unius
459 1269 593 1328 pars
617 1270 970 1331 praegravare
999 1252 1299 1347 videbitur,
1328 1255 1379 1313 is
1404 1254 1647 1317 invicem
1674 1260 1825 1311 certa
1850 1270 2023 1350 pecu·

187 1342 286 1400 nia
313 1340 473 1401 alieri
503 1344 968 1405 condemnandus
993 1356 1107 1418 est;
1137 1348 1291 1429 quod
1321 1350 1369 1407 si
1392 1347 1687 1408 commode
1715 1342 1920 1403 dividi
1908 1363 2023 1403 non

185 1436 396 1513 possit,
426 1437 597 1497 veluti
635 1438 808 1499 homo
843 1439 1014 1511 sorte,
1056 1452 1154 1500 aut
1188 1441 1380 1501 mulus
1416 1442 1547 1511 erit,
1580 1440 1649 1498 de
1683 1458 1797 1520 quo
1835 1444 2025 1497 actum

187 1530 286 1599 sit,
319 1538 454 1590 tunc
487 1539 634 1591 totus
671 1535 770 1592 uni
807 1533 1218 1613 adjudicandus
1247 1543 1361 1608 est,
1402 1541 1457 1595 et
1493 1536 1541 1593 is
1579 1534 1822 1592 invicem
1864 1530 2027 1591 alteri

187 1632 340 1682 certa
369 1627 614 1705 pecunia
643 1626 1127 1689 condemnandus

267 1729 333 1778 Β.
367 1718 424 1780 Si
451 1719 654 1779 finium
679 1721 1067 1803 regundorum
1097 1732 1287 1785 actum
1318 1723 1518 1796 fuerit,
1549 1722 1829 1802 dispicere
1859 1720 2026 1781 debet

179 1810 357 1887 judex
392 1830 466 1871 an
507 1818 827 1875 necessaria
861 1818 932 1875 sit
968 1812 1346 1897 adjudicatio:
1390 1836 1515 1897 quae
1551 1836 1689 1876 sane
1728 1835 1845 1875 uno
1890 1835 2025 1875 casu

191 1908 507 1964 necessaria
554 1917 663 1981 est,
713 1912 761 1968 si
806 1909 1247 1970 evidentioribus
1292 1908 1505 1971 finibus
1543 1910 1815 1991 distingui
1860 1928 2026 1989 agros

189 1998 541 2077 commodius
583 2003 685 2076 sit,
728 2024 902 2083 quam
939 2003 1076 2063 olim
1114 2004 1355 2064 fuissent
1390 2003 1669 2073 distincti3
1712 2024 1849 2064 nam
1891 2011 2027 2061 tunc

187 2108 416 2151 necesse
453 2102 536 2152 est
567 2113 634 2153 ex
665 2094 900 2157 ulterius
937 2117 1074 2178 agro
1106 2106 1329 2176 partem
1363 2096 1613 2178 aliquam
1642 2096 1871 2157 alterius
1906 2096 2031 2178 agri
2128 2126 2135 2133 ·

187 2184 424 2245 domino
469 2188 812 2266 adjudicari,
857 2211 970 2272 quo
1005 2212 1138 2252 casu
1180 2194 1519 2269 conveniens
1558 2200 1645 2251 est
1679 2200 1741 2250 ut
1780 2194 1829 2251 is
1866 2190 2028 2251 alteri
2082 2206 2087 2217 ·

185 2288 343 2338 certa
397 2282 636 2359 pecunia
685 2280 886 2341 debeat
932 2282 1317 2343 condemnari.
1368 2284 1459 2365 ‚Eo
1516 2302 1743 2364 quoque
1796 2287 2028 2343 nomine

185 2370 549 2433 damnandus
573 2383 655 2433 est
683 2378 923 2455 quisque
950 2374 1057 2435 hoc
1078 2376 1326 2455 judicio,
1356 2376 1507 2457 quod
1538 2376 1684 2435 forte
1712 2378 1861 2435 circa
1890 2376 2031 2435 fines

189 2465 408 2546 aliquid
458 2466 736 2527 malitiose
783 2472 1064 2529 commisit
1084 2516 1098 2543 ,
1155 2468 1315 2529 verbi
1367 2472 1573 2551 gratia,
1625 2471 1760 2551 quia
1811 2468 2029 2549 lapides

183 2556 391 2617 finales
415 2558 634 2619 furatus
659 2568 766 2635 est,
800 2560 886 2620 vel
915 2560 1149 2621 arbores
1176 2562 1377 2621 finales
1406 2562 1617 2623 cecidit.
1652 2563 2033 2622 Contumaciae

187 2672 417 2733 quoque
445 2656 676 2713 nomine
706 2656 944 2737 quisque
973 2676 1040 2715 co
1060 2656 1277 2737 judicio
1306 2656 1744 2727 condemnatur,
1779 2655 1950 2716 veluti
1984 2658 2032 2715 si

191 2750 322 2829 quis
342 2793 358 2817 ‚
383 2747 622 2827 jubente
643 2749 854 2829 judice,
887 2752 1273 2833 metiriagros
1303 2773 1503 2832 passus
1532 2772 1646 2812 non
1680 2750 1864 2810 fuerit.

272 2836 340 2902 θ’.
386 2842 545 2913 Quod
575 2852 766 2904 autem
793 2847 913 2905 istis
937 2846 1167 2927 judiciis
1204 2846 1373 2907 alicui
1408 2847 1794 2927 adjudicatum
1822 2846 1924 2917 sit,
1971 2847 2028 2904 id

185 2936 382 2994 statim
411 2938 533 3017 ejus
560 2937 624 2996 fit
651 2941 742 2997 cui
775 2939 1162 3020 adjudicatum
1194 2951 1294 3002 est.

616 3078 732 3137 Trr.
765 3079 950 3139 xvlu.
985 3081 1066 3139 Dc
1097 3101 1327 3142 runmcrs
1352 3102 1598 3143 sumens.

269 3190 506 3251 Publica
537 3193 752 3272 judicia
790 3214 974 3274 neque
1013 3218 1118 3277 per
1159 3200 1409 3259 actiones
1452 3198 1808 3271 ordinantur,
1850 3218 2034 3276 neque

189 3286 429 3344 omnino
465 3286 779 3367 quidquam
817 3289 1000 3350 simile
1039 3290 1256 3353 habent
1301 3312 1429 3353 cum
1468 3294 1667 3355 ceteris
1702 3290 1932 3371 judiciis
1965 3289 2035 3348 de

1686 3388 1754 3439 38
