2292 3684
150 171 300 213 sus-r.
333 172 475 215 mer.
507 172 562 213 ι..
587 170 688 228 ευ,
720 170 774 213 τ.
800 129 960 214 xiim
998 168 1074 213 nn·
1101 164 1405 211 tocmone
1442 169 1514 211 ιτ
1539 168 1807 214 cormac-r.
1849 154 1951 212 483

408 332 526 393 Τιτ.
557 330 739 391 xxtv.
773 332 856 391 D:
880 348 1172 393 nocanon
1203 348 1266 393 n·
1299 349 1673 394 comune-noun.

196 456 424 523 Locutio
467 466 524 522 et
566 460 863 526 conductio
915 466 1174 544 proxima
1220 471 1303 523 est
1346 462 1619 543 emptioni
1663 468 1718 523 et
1762 456 1956 526 vendi-

117 554 288 626 tioni,
318 554 632 635 iisdemque
657 556 806 633 juris
840 555 1050 637 regulis
1083 558 1375 617 consistit:
1406 575 1541 615 nem
1574 562 1637 615 ut
1663 556 1877 635 emptio
1904 560 1959 615 et

4 670 6 675 ·
116 647 366 707 venditio
394 650 472 707 ita
499 649 866 723 contrahitur,
900 652 946 710 si
977 649 1046 710 de
1077 652 1260 732 pretio
1288 652 1639 723 convenerit,
1678 652 1759 711 sic
1788 652 1957 711 etiem

113 741 324 803 locatio
370 750 424 802 et
472 743 768 803 conductio
813 746 892 803 ita
946 744 1205 804 contrahi
1248 743 1601 826 intelligitur,
1653 744 1699 802 si
1747 763 1957 803 merces

113 838 420 895 constituta
465 838 566 909 eit3
615 846 670 896 et
715 839 981 917 competit
1025 838 1258 898 locatori
1302 838 1533 921 quidem
1569 836 1743 898 locati
1782 840 1953 913 actio,

115 930 450 991 conductori
477 950 614 992 vcro
634 931 913 994 conducti.
1285 989 1293 1005 ,

201 1036 266 1085 Ι.
315 1026 386 1084 Et
423 1046 548 1106 (μω
587 1045 764 1107 supra
801 1027 1074 1099 diximus,
1122 1028 1173 1086 si
1208 1025 1395 1085 alieno
1438 1024 1677 1087 arbitrio
1712 1028 1959 1108 pretinm

109 1120 460 1199 permissum
507 1118 694 1193 fuerit,
743 1119 941 1179 eadem
979 1127 1034 1179 et
1072 1121 1142 1179 de
1182 1120 1463 1181 locutione
1498 1129 1555 1181 et
1589 1120 1960 1182 conductione

109 1212 260 1272 dicta
289 1232 410 1272 esse
435 1212 849 1294 intelligamus,
883 1216 931 1273 si
957 1212 1142 1273 alieno
1173 1213 1409 1274 arbitrio
1438 1233 1653 1275 merces
1682 1216 1959 1294 permissa

107 1306 301 1367 suerit.
339 1308 464 1378 Qua
497 1306 571 1365 de
607 1327 794 1378 causa,
837 1308 886 1366 si
922 1304 1126 1365 fulloni
1166 1305 1435 1387 poliendo,
1475 1306 1822 1379 curandave,
1856 1315 1953 1366 aut

105 1401 443 1461 sarcinatori
471 1400 764 1460 sarcienda
783 1401 1116 1459 vestimentu
1142 1400 1271 1479 quis
1298 1398 1541 1471 dederit,
1576 1398 1735 1460 nullu
1764 1400 1955 1458 statim

4 1488 10 1503 '
109 1492 374 1552 mercede
409 1496 738 1567 constituto,
777 1492 874 1553 sed
913 1499 1109 1572 postea
1145 1500 1369 1551 tantum
1406 1492 1643 1553 daturus
1680 1500 1960 1574 quantum

115 1589 268 1646 inter
305 1604 412 1647 eos
466 1587 817 1659 convenerit,
859 1606 974 1646 non
1021 1587 1253 1667 proprie
1301 1584 1509 1646 locutio
1563 1595 1619 1647 et
1662 1586 1959 1646 conductio

115 1679 379 1739 contrahi
407 1678 758 1761 intelligitur,
782 1679 879 1739 sed
899 1699 966 1739 eo
984 1682 1219 1739 nomine
1239 1681 1384 1740 actio
1410 1680 1751 1761 praescriptis
1773 1677 1961 1739 verbis

115 1774 310 1835 datur.
885 1847 892 1855 ,
1366 1826 1371 1841 ,

195 1876 264 1929 0.
311 1867 624 1941 Pretereu,
670 1868 813 1926 sicut
860 1864 1030 1947 vulgo
1074 1866 1455 1947 quaerebatur,
1506 1885 1583 1925 un
1630 1867 1963 1947 permutatis

111 1960 288 2021 rebus
315 1960 532 2041 emptio
567 1967 622 2019 et
653 1959 900 2019 venditio
935 1958 1303 2029 contrahitur,
1336 1961 1415 2018 ita
1442 1960 1619 2039 qnoeri
1646 1957 1866 2019 solebat
1893 1959 1963 2019 de

109 2053 394 2114 locatione
421 2062 476 2114 et
503 2052 906 2125 conductione,
945 2054 995 2112 si
1029 2053 1173 2112 forte
1210 2072 1333 2113 rem
1370 2051 1625 2133 aliquam
1661 2050 1767 2111 >tihi
1796 2059 1963 2111 uten-

113 2146 248 2207 dum
289 2150 406 2207 sive
441 2146 744 2207 fruendum
789 2149 916 2228 quis
958 2144 1203 2217 dederit,
1244 2154 1299 2205 et
1342 2146 1583 2205 invicem
1625 2164 1659 2203 a
1700 2152 1755 2205 te
1792 2141 1967 2203 uliam

109 2260 238 2301 rem
287 2239 556 2301 utendam
607 2242 724 2299 sive
771 2237 1074 2299 fruendam
1125 2241 1422 2318 acceperit.
1476 2238 1545 2297 Et
1590 2236 1805 2319 placuit
1848 2256 1965 2297 non

112 2352 236 2393 esse
259 2331 600 2395 locationem
622 2341 677 2393 et
704 2330 1136 2393 conductionem
1154 2378 1169 2405 ,
1196 2330 1293 2391 sed
1321 2332 1621 2413 proprium
1646 2350 1827 2412 genus
1846 2347 1965 2391 esse

111 2436 477 2487 contractus:
515 2424 722 2499 veluti,
759 2428 836 2499 si,
876 2446 1008 2487 cum
1035 2446 1217 2485 unum
1245 2425 1447 2485 bovem
1481 2425 1609 2505 quis
1636 2422 1874 2483 haberet
1911 2432 1965 2483 et

109 2522 334 2581 vicinus
371 2523 496 2602 ejus
534 2540 746 2595 unum,
788 2519 1066 2602 placuerit
1102 2522 1255 2579 inter
1288 2539 1383 2580 eos
1422 2527 1487 2579 ut
1515 2538 1618 2599 per
1647 2517 1821 2577 denos
1850 2515 1967 2577 dies

115 2613 358 2675 invicem
407 2616 580 2675 hoves
621 2614 1047 2675 commodarent
1087 2621 1149 2673 ut
1192 2634 1341 2695 opus
1380 2612 1666 2683 facerent,
1716 2618 1771 2675 et
1816 2606 1967 2693 apud

118 2708 360 2767 alterum
395 2706 496 2769 bos
523 2710 722 2789 periit,
753 2728 942 2789 neque
967 2704 1133 2767 locati
1162 2708 1249 2766 vel
1284 2707 1546 2767 conducti
1584 2724 1767 2787 neque
1809 2724 1969 2763 com-

117 2805 332 2865 medati
361 2806 630 2885 competit
660 2806 834 2876 actio,
867 2805 1004 2885 quia
1033 2822 1149 2863 non
1184 2803 1285 2863 fuit
1312 2804 1623 2884 gratuitum
1649 2798 1972 2863 commoda·

123 2904 272 2967 tum;
306 2916 506 2957 verum
533 2898 874 2977 proescriptis
898 2893 1088 2955 verbis
1116 2894 1401 2975 agendum
1432 2904 1531 2954 est.

199 3000 264 3051 8.
295 2988 458 3049 Adeo
493 2998 684 3051 nutem
717 2988 1161 3048 familiaritatem
1195 2986 1447 3067 aliquam
1482 2988 1633 3045 inter
1669 3006 1730 3047 se
1756 2982 1972 3047 habere

125 3084 381 3143 videntur
417 3085 634 3163 emptio
671 3094 724 3143 et
761 3082 1036 3153 venditio,
1073 3083 1211 3141 item
1238 3080 1439 3141 locatio
1469 3091 1523 3141 et
1551 3080 1877 3153 conductio,
1912 3090 1975 3141 ut

125 3180 183 3236 in
217 3173 562 3258 quibusdam
599 3180 782 3237 causis
821 3178 996 3257 qnaeri
1035 3173 1239 3248 soleat,
1274 3184 1465 3235 utrum
1500 3177 1712 3255 emptio
1740 3184 1793 3233 et
1828 3194 1973 3234 ven·-

130 3268 262 3329 ditio
308 3269 704 3343 contrahatur,
755 3290 830 3328 an
877 3268 1081 3327 locatio
1126 3275 1181 3327 et
1226 3267 1521 3327 conductio
1568 3290 1581 3325 :
1626 3276 1689 3325 ut
1734 3286 1859 3326 ecce
1902 3267 1969 3326 de

132 3360 356 3442 praediis
401 3384 528 3445 quoe
573 3372 845 3445 perpetuo
887 3361 1229 3442 quibusdam
1270 3360 1511 3421 fruenda
1548 3360 1867 3433 traduntur,
1908 3358 1969 3417 id
