2292 3684
461 129 668 174 miso.
705 128 912 176 ruent.
953 129 1032 173 ax
1065 127 1431 173 conns-rmnt-
1468 127 1707 172 nouas-r.
1904 112 2010 170 857

159 228 396 292 liar-ium
443 234 814 294 centesimum
853 234 926 294 sit
976 234 1037 292 in
1086 233 1179 294 via
1218 233 1573 304 *commissa3
1614 231 1905 292 enimvero
1960 233 2013 292 si

161 323 312 386 ultra
331 327 703 388 centesimum
721 371 736 401 ,
759 325 1156 408 proefectorum
1178 328 1445 408 praetorio
1474 327 1581 388 erit
1614 326 1862 407 cognitio
1898 348 1912 384 ε
1946 326 2013 386 ἰιι

159 420 458 497 provincia
491 421 648 480 enim
687 419 810 500 (est)
851 419 1159 500 praesidum
1197 419 1620 501 provinciarum
1641 463 1657 490 ,
1700 437 1805 478 nec
1846 415 2011 477 aliter

161 514 520 590 procuratori
560 512 796 573 Coesaris
841 511 960 573 haec
1001 513 1249 592 cognitio
1290 512 1642 596 injungitur,
1690 529 1865 592 quam
1909 509 2005 589 (si)

159 604 417 684 praesidis
444 605 702 687 partibus
739 607 803 665 in
830 606 1124 688 provincia
1160 604 1433 687 fungatur
1468 625 1481 662 :
1510 602 1683 685 plane
1711 611 1840 684 post
1874 621 2010 664 sen-

159 702 398 762 tentiam
452 700 524 762 de
558 699 738 762 Fabia
781 701 960 762 latam
1011 701 1397 783 procuratoris
1443 707 1633 781 partes
1682 697 2007 760 succedunt.

159 805 224 856 8.
258 797 510 877 Hujnsce
536 795 693 858 modi
717 805 910 859 tamen
939 797 1326 878 procuratori,
1354 795 1453 875 qui
1472 793 1633 855 illam
1658 794 2011 876 provinciam

157 893 332 971 regit,
361 892 492 953 licet
533 891 606 952 de
649 890 992 972 capitalibus
1047 893 1233 953 causis
1276 909 1615 970 cognoscere
1656 909 1760 949 nec
1801 886 2007 959 soleat,

155 992 352 1044 tamen
380 993 446 1044 ut
477 984 548 1044 de
573 983 698 1064 lege
725 984 904 1045 Fabia
932 986 1110 1064 possit
1135 1002 1473 1065 cognoscere
1511 982 1657 1062 Imp.
1688 981 2011 1040 Antoninus

158 1079 470 1139 constituit.
499 1077 652 1138 Idem
678 1077 820 1159 legis
845 1080 877 1139 J
885 1078 1010 1138 uliae
1035 1077 1107 1138 de
1135 1077 1431 1139 adulteriis
1454 1076 1779 1136 coercendis
1807 1077 2012 1136 consti-

160 1173 380 1232 tutione
401 1173 760 1253 imperatoris
802 1173 1074 1233 Antonini
1101 1173 1473 1253 quaestionem
1502 1171 1735 1250 accepit.
1765 1181 1833 1232 4.
1864 1171 2011 1250 Lege

159 1274 354 1324 autem
378 1263 558 1324 Fabia
583 1271 806 1324 tenetur
834 1267 932 1346 qui
961 1266 1140 1326 civem
1176 1265 1531 1336 Romanum,
1563 1281 1790 1335 eumve,
1822 1263 1921 1342 qui
1948 1263 2012 1320 in

159 1354 324 1416 ltalia
349 1355 624 1417 liberatus
653 1359 744 1431 sit,
775 1355 1066 1430 celaverit,
1101 1358 1373 1436 vinxerit,
1402 1358 1769 1436 vinctumque
1785 1353 2009 1414 habue-

158 1452 260 1524 rit,
293 1448 630 1534 vendiderit,
677 1452 910 1524 emerit,
950 1451 1117 1531 quive
1154 1451 1218 1510 in
1255 1469 1383 1511 eam
1428 1469 1552 1510 rem
1580 1450 1766 1510 socius
1791 1446 1962 1508 fuerit
1992 1470 2007 1508 ε

157 1545 252 1604 cui
279 1546 463 1625 capite
491 1546 678 1625 primo
709 1544 963 1625 ejusdem
990 1542 1132 1626 legis
1161 1564 1333 1626 poena
1358 1545 1697 1625 injungitur.
1730 1543 1786 1604 si
1814 1561 2009 1604 servus

156 1637 256 1717 qni
277 1637 488 1696 sciente
506 1635 738 1716 domino
759 1637 971 1709 fecerit,
999 1636 1265 1696 dominus
1283 1637 1407 1716 ejus
1430 1635 1701 1696 sestertiis
1720 1635 2008 1718 quiuqua-

155 1732 318 1812 giuta
331 1729 588 1791 millibus
601 1730 799 1791 eodem
817 1733 1000 1812 capite
1013 1731 1275 1810 punitur.
1299 1741 1368 1790 5.
1386 1728 1656 1810 Ejusdem
1673 1726 1811 1810 legis
1826 1728 2009 1806 capite

157 1823 408 1886 secundo
431 1833 655 1886 tenetur
682 1827 782 1907 qui
809 1823 994 1884 alieno
1034 1843 1198 1884 servo
1235 1824 1584 1905 persuaserit
1622 1831 1685 1882 ut
1711 1821 2008 1882 dominum

159 1917 338 1998 fugiat
359 1965 374 1990 ,
420 1921 586 1999 quive
632 1918 886 1979 alienum
929 1938 1159 1978 servum
1204 1918 1381 1978 invito
1430 1915 1665 1977 domino
1714 1914 2003 1990 celaverit,

158 2011 510 2092 vendiderit,
541 2015 744 2074 emerit
759 2012 889 2074 dolo
915 2013 1070 2073 malo
1086 2057 1103 2087 ,
1134 2013 1302 2094 quive
1327 2012 1387 2071 in
1418 2030 1485 2071 ea
1511 2030 1573 2070 re
1592 2011 1776 2071 socius
1801 2009 1999 2070 fuerit:

151 2105 503 2189 jubeturque
534 2107 751 2190 populo
782 2109 1102 2169 sestertium
1130 2107 1546 2188 quinquaginta
1573 2103 1755 2165 millia
1781 2103 1933 2166 dare.
1964 2105 1969 2110 ’

713 2247 808 2320 (nx
835 2263 1044 2304 contar.
1078 2265 1180 2304 τιτ.
1207 2264 1259 2315 x,
1292 2263 1337 2304 c.
1374 2248 1457 2318 11.)

155 2351 568 2410 uonesnmus
603 2351 805 2409 mano
845 2353 892 2409 11
929 2351 1515 2410 nummarium
1555 2349 1646 2407 ΒΕ
1682 2349 2005 2409 neposne

747 2437 829 2492 m·
862 2434 1285 2493 conuocare
1318 2435 1415 2509 (1).
1940 2473 1949 2484 .

239 2554 304 2605 Ι.
347 2542 704 2605 commodati
721 2544 801 2624 (2)
817 2545 1032 2629 J‘udicio
1051 2553 1363 2606 cenventus
1390 2548 1563 2606 etiam
1590 2545 1820 2628 culpam
1855 2565 2008 2626 prte-

153 2646 307 2699 stare
333 2639 556 2720 cogitur
584 2661 598 2699 ε
643 2640 740 2720 qui
773 2658 907 2700 vero
934 2639 1178 2720 depositi
1206 2641 1564 2713 convenitur,
1612 2640 1683 2702 de
1728 2639 1859 2701 dolo
1888 2660 2003 2701 non

153 2736 331 2794 etiam
367 2719 438 2793 de
465 2733 636 2815 culpa
666 2733 1132 2795 condemnandus
1161 2742 1259 2795 est.
1290 2733 1650 2796 commodati
1676 2737 1829 2795 enim
1860 2755 2005 2797 con-

65 2903 70 2911 ,
155 2834 340 2887 tractu
360 2874 374 2899 ,
431 2827 566 2908 quia
615 2827 910 2908 utriusque
954 2826 1338 2887 contrahentis
1392 2826 1605 2888 utilitas
1662 2829 2001 2904 intervenit,

155 2929 465 3001 utrumque
484 2926 782 3003 proestatur
806 2941 819 2978 :
841 2921 901 2979 in
927 2917 1165 3001 depositi
1182 2939 1317 2980 vero
1336 2938 1507 2980 causa
1530 2918 1653 2980 sola
1671 2919 2004 3002 deponentis

155 3015 373 3076 utilitas
401 3019 669 3089 vertitur,
701 3027 754 3076 et
781 3014 862 3074 ibi
892 3014 1053 3075 dolus
1084 3024 1307 3076 tantum
1336 3024 1656 3097 proestatur.
1710 3028 1774 3077 D.
1805 3017 1913 3078 Sed
1942 3021 2001 3077 in

155 3111 360 3172 ceteris
375 3129 602 3192 quoque
619 3109 876 3192 partibus
888 3110 1034 3190 juris
1051 3111 1161 3170 ista
1178 3109 1375 3192 regula
1390 3109 1701 3171 custoditur
1718 3134 1730 3171 :
1750 3113 1829 3173 sic
1848 3113 2001 3173 enim

215 3272 292 3398 ΞΙ)
316 3272 431 3321 ond.
458 3289 470 3318 :
493 3271 812 3322 commendato.

241 3337 296 3396 Ξ)
328 3335 446 3384 eod.
474 3351 484 3380 :
511 3334 830 3387 commendati.

1622 3403 1709 3458 48.
