2292 3684
397 145 545 188 susr.
573 145 720 186 msr.
760 147 810 187 ι.
849 147 890 201 ι,
929 147 980 187 τ.
1005 147 1084 187 ιι.
1126 147 1200 188 na
1236 129 1659 191 Andes-lomene.
1879 137 1947 190 69

115 271 220 332 per
249 248 612 330 adoptionem
641 246 729 307 vel
763 249 1187 330 adrogationem
1215 249 1349 310 facit
1368 297 1384 330 ,
1418 249 1587 331 plena
1614 246 1940 332 pubertate,

107 343 172 403 id
195 353 303 417 est,
335 341 524 401 decem
550 350 606 400 et
629 349 752 401 octo
782 343 972 414 annis,
1008 341 1340 423 praeoedere.

191 449 256 499 5.
303 438 456 497 Licet
482 445 670 496 autem
701 445 756 496 et
785 437 846 494 in
879 435 1068 496 locum
1096 440 1316 518 nepotis
1344 436 1431 497 vel
1470 439 1827 519 pronepotis,
1856 437 1945 498 vel

104 537 170 594 in
215 533 406 594 locum
445 533 629 614 neptis
671 531 756 591 vel
803 535 1124 614 proneptis,
1172 533 1261 593 vel
1300 533 1591 616 deinceps,
1640 534 1939 616 adoptare,

106 628 370 709 quamvis
397 625 576 684 [ilium
607 627 733 705 quis
761 645 876 684 non
904 624 1127 686 habeat.

192 733 265 783 Β.
310 721 380 779 Et
401 729 520 780 tam
542 717 726 778 filium
751 717 1001 778 alienum
1031 720 1157 800 quis
1185 720 1246 777 in
1282 717 1471 780 locum
1505 721 1727 803 nepotis
1761 719 1945 802 adop-

109 823 236 876 tare
262 821 469 893 potest,
502 833 678 894 quam
705 821 972 894 nepotem
999 813 1059 871 in
1087 811 1277 872 locum
1304 811 1421 874 filii.

199 919 266 970 θ.
311 907 416 966 Sed
434 909 482 966 si
512 909 639 987 quis
665 909 884 988 nepotis
913 906 1038 968 loco
1067 907 1313 988 adoptet,
1344 907 1434 968 vel
1464 910 1627 988 quasi
1646 928 1715 970 ex
1741 927 1810 969 eo
1828 907 1946 969 filio

107 1020 286 1082 quem
317 999 488 1060 habet
509 1001 634 1080 jam
663 1000 1020 1080 adoptatum,
1051 999 1139 1060 vel
1169 1003 1331 1082 quasi
1358 1020 1427 1061 ex
1451 1000 1549 1060 ino
1578 989 1747 1082 quem
1770 1009 1941 1062 natu-

104 1093 294 1155 ralem
321 1096 382 1153 in
412 1114 515 1154 sua
543 1102 814 1176 potestate
829 1093 1024 1168 habet,
1049 1096 1110 1154 in
1129 1113 1196 1154 eo
1216 1113 1350 1154 casu
1376 1102 1432 1154 et
1455 1093 1604 1154 filius
1626 1097 1946 1155 consentire

103 1190 302 1262 debet,
335 1209 410 1248 ne
449 1190 500 1248 ei
537 1189 714 1248 invito
753 1207 890 1248 suus
923 1188 1090 1250 heres
1119 1189 1512 1270 adgnascatur.
1549 1189 1661 1249 Sed
1696 1209 1767 1249 ex
1803 1209 1947 1249 eou-

103 1285 316 1357 trario,
347 1284 396 1341 si
436 1301 574 1342 avus
611 1303 680 1342 ex
715 1281 832 1342 filio
869 1291 1134 1362 nepotem
1164 1281 1259 1343 det
1292 1284 1352 1342 iu
1392 1281 1785 1364 adoptionem,
1826 1303 1943 1343 uon

105 1387 198 1437 est
227 1395 454 1437 neeesse
481 1375 663 1436 filium
689 1378 1024 1436 consentire.
1095 1388 1108 1401 ·

195 1481 257 1532 S.
304 1471 368 1529 In
397 1469 660 1552 plurimis
689 1477 878 1529 autem
915 1470 1102 1529 causis
1137 1467 1491 1529 adsimilatur
1533 1472 1583 1530 is
1626 1472 1725 1552 qui
1766 1470 1943 1552 adop·

105 1571 260 1623 tatus
285 1561 374 1623 vel
393 1562 698 1644 adrogatus
717 1570 817 1633 est,
839 1564 892 1622 ei
911 1564 1010 1643 qui
1030 1581 1098 1622 ex
1116 1559 1369 1643 legitimo
1387 1566 1753 1626 matrimonio
1780 1573 1946 1625 natus

101 1664 208 1718 est.
244 1657 317 1715 Et
349 1655 476 1716 ideo
505 1656 552 1714 si
581 1659 708 1736 quis
735 1673 840 1736 per
863 1657 1295 1734 imperatorem,
1326 1659 1443 1717 sive
1470 1657 1621 1739 apud
1650 1668 1945 1739 praetorem

99 1749 198 1811 vel
225 1749 378 1832 apud
407 1748 703 1830 praesidem
731 1750 1034 1830 provinciae
1061 1767 1178 1808 non
1208 1757 1539 1810 extraneum
1568 1750 1943 1832 adoptaverit,

99 1851 292 1924 potest
319 1841 580 1902 eumdem
611 1841 707 1900 alii
734 1842 795 1900 iu
823 1840 1184 1922 adoptionem
1212 1840 1367 1904 dare.

185 1946 254 1996 8.
301 1935 410 1995 Sed
433 1943 488 1995 et
513 1933 656 1994 illud
683 1935 976 2016 utriusque
994 1934 1315 2016 adoptionis
1342 1955 1643 1997 commune
1664 1943 1763 2009 est,
1795 1937 1946 2019 quod

97 2041 152 2091 et
181 2031 226 2089 ii
245 2032 346 2111 qui
364 2049 637 2110 generare
658 2049 772 2089 non
794 2039 1052 2111 possunt,
1076 2029 1273 2112 quales
1294 2040 1425 2091 suut
1443 2031 1743 2114 spadones,
1766 2032 1943 2114 adop-

99 2132 224 2185 tare
253 2133 520 2205 possunt;
545 2125 772 2183 castrati
801 2130 988 2183 autem
1015 2143 1132 2184 non
1155 2133 1407 2207 possunt.

185 2226 302 2276 10.
349 2216 596 2276 Feminae
625 2235 854 2297 quoque
889 2216 1161 2297 adoptare
1202 2237 1320 2276 non
1359 2228 1621 2298 possunt,
1667 2221 1802 2300 quia
1838 2240 1943 2280 nee

95 2308 396 2370 naturales
433 2309 642 2370 liberos
686 2311 743 2368 iu
781 2329 884 2369 sua
922 2317 1192 2390 potestate
1226 2310 1454 2372 habent.
1498 2312 1604 2372 Sed
1640 2332 1710 2373 ex
1750 2312 1937 2372 indul-

97 2407 296 2487 gentia
326 2407 601 2487 principis
628 2404 700 2466 ad
727 2403 992 2466 solatium
1027 2404 1341 2466 liberorum
1378 2410 1719 2469 amissorum
1756 2407 1939 2490 adop-

101 2509 226 2560 tare
253 2508 514 2582 possunt.

186 2855 223 2906 Ι
237 2855 298 2906 1.
333 2841 482 2904 lund
499 2843 798 2926 proprium
825 2850 912 2902 est
933 2841 1251 2924 adoptionis
1276 2841 1429 2906 illius
1451 2866 1573 2928 quoe
1593 2867 1697 2929 per
1714 2867 1939 2909 sacrum

104 2938 400 3000 oraculum
424 2937 515 3011 fit,
549 2937 702 3019 quod
727 2939 775 2997 is
806 2939 904 3018 qui
936 2936 1146 3000 liberos
1171 2940 1231 2998 in
1267 2948 1542 3023 potestate
1570 2940 1769 3016 habet,
1798 2945 1845 3002 si
1877 2963 1937 3004 se

107 3030 494 3115 adrogandum
527 3029 768 3104 dederit,
799 3050 917 3090 non
944 3029 1132 3096 solum
1158 3035 1281 3113 ipse
1306 3036 1569 3114 potestati
1592 3034 1941 3116 adrogatoris

109 3125 422 3206 subjicitur,
447 3121 548 3183 sed
571 3125 740 3182 etiam
766 3121 934 3182 liberi
965 3125 1086 3202 ejus
1114 3126 1176 3184 in
1207 3125 1457 3205 ejusdem
1482 3125 1626 3186 fiunt
1644 3137 1936 3207 potestate,

109 3228 397 3302 tamquam
442 3225 690 3298 nepotes.
725 3216 814 3276 Sic
851 3218 1004 3275 enim
1048 3225 1102 3277 et
1136 3216 1295 3278 divus
1330 3219 1615 3300 Augustus
1652 3240 1765 3279 non
1810 3232 1939 3281 ante

111 3313 396 3374 Tiberium
434 3308 749 3390 adoptavit,
783 3329 956 3390 quam
999 3311 1046 3370 is
1087 3311 1486 3372 Germanicum
1522 3313 1838 3393 adoptavit,
1879 3321 1941 3371 ut
