2292 3684
0 134 103 175 rar.
146 133 198 175 1..
230 133 292 187 ιι,
330 133 388 174 τ.
414 132 495 173 x1.
537 132 644 173 raa
669 131 810 180 Quos
838 130 994 174 raas,
1024 130 1151 172 ιιοιι.
1174 130 1400 179 Ancora.
1442 119 1548 173 207

0 232 211 313 deoque
239 233 536 295 statuimus
557 231 642 312 (Ι)
677 240 738 290 ut
765 250 993 312 pareus,
1020 249 1127 310 pro
1154 232 1319 290 tertia
1348 223 1548 291 eorum

26 337 186 408 parte
214 325 451 386 dominii
482 346 653 407 quam
681 327 924 386 retinere
960 333 1198 406 poterat,
1229 324 1545 396 dimidiam,

0 424 98 481 inii
134 442 362 492 rerum,
404 421 502 480 sed
532 421 886 481 ususfructus
917 424 1204 480 retineat·
1234 421 1313 478 ita
1340 423 1549 481 etenim

0 524 135 577 actoe
161 515 310 597 apud
339 514 521 575 fliium
550 514 961 586 remanebunt,
992 523 1047 574 et
1080 522 1246 595 pater
1271 512 1548 596 ampliore

0 620 203 683 ruetur,
236 630 340 691 pro
368 612 530 669 tei-tia
558 608 792 669 dimidia
817 611 1116 690 potiturus.

0 725 37 764 u
64 704 229 764 nobis
256 703 575 785 adquiritur
602 702 753 783 quod
776 704 924 762 servi
946 705 1127 763 nostri
1155 721 1224 763 ex
1246 702 1549 763 traditione

0 805 140 869 ntur,
171 798 287 856 sive
322 795 460 876 quid
498 794 859 876 stipulentur,
899 795 989 856 vel
1025 815 1097 855 ex
1142 794 1396 876 qualibet
1439 793 1552 855 alia

2 891 230 969 quiraut
260 910 274 948 ε
304 888 415 949 hoc
451 888 607 947 enim
642 887 810 947 nobis
846 896 902 947 et
936 888 1334 969 ignorantibus
1371 897 1422 949 et
1462 890 1554 947 iu-

0 984 123 1052 iait3
165 981 288 1061 ipse
324 982 479 1039 enim
524 998 719 1040 servus
767 981 865 1060 qui
903 982 961 1039 iu
1005 990 1283 1062 potestate
1323 980 1554 1041 alterius

21 1094 185 1134 suum
227 1072 438 1134 habere
470 1082 673 1153 potest.
708 1073 815 1133 Sed
854 1074 901 1132 si
931 1074 1094 1134 heres
1127 1077 1415 1136 institutus
1443 1076 1547 1143 sit.

0 1170 137 1228 nisi
179 1176 374 1227 nostro
400 1169 563 1247 jussu
611 1167 978 1227 hereditatem
1018 1169 1175 1229 adire
1205 1177 1430 1251 west
1463 1176 1548 1240 et,

12 1260 347 1344 jubentibus
387 1261 619 1335 adierit,
667 1261 835 1321 nobis
872 1260 1154 1322 hereditas
1206 1263 1549 1357 adquiritur,

0 1375 50 1416 tc
92 1358 274 1416 sinos
308 1356 420 1437 ipsi
456 1308 691 1415 heredes
732 1356 975 1415 instituti
1012 1374 1289 1427 essemus;
1320 1351 1376 1417 et
1413 1376 1557 1417 cou-

0 1450 249 1511 ·seilicet
277 1448 442 1510 uobis
474 1448 724 1531 legatum
749 1469 855 1532 per
881 1469 978 1511 eos
1006 1450 1342 1532 adquiritur.

0 1729 140 1791 >lom
169 1736 358 1790 autem
388 1730 702 1811 proprietas
737 1748 842 1810 per
877 1747 970 1789 eos
1010 1746 1155 1810 quos
1192 1731 1251 1790 io
1282 1740 1555 1811 potestate

9 1873 25 1897 ‚
66 1823 234 1884 nobis
268 1824 604 1906 adquiritur,
648 1823 744 1883 sed
790 1826 959 1883 etiam
1008 1826 1316 1905 possessioz
1361 1825 1556 1906 cujus-

0 1921 145 1980 auim
170 1920 251 1980 rei
277 1921 691 2001 possessiouem
721 1918 910 2000 adepti
938 1917 1170 1990 fuerint,
1202 1920 1260 1978 id
1287 1940 1391 1980 nos
1421 1938 1556 2001 pos-

0 2013 193 2074 demur
218 2034 234 2072 t
263 2011 418 2073 unde
461 2014 632 2072 etiam
672 2031 777 2093 per
815 2022 912 2073 eos
956 2013 1228 2094 usucapio
1264 2012 1354 2073 vel
1398 2010 1553 2095 longi

21 2108 302 2191 possessio
327 2107 495 2167 nobis
523 2105 756 2167 accedit.

4 2577 73 2636 iis
101 2585 289 2635 autem
330 2577 503 2635 servis
540 2576 599 2633 in
636 2575 846 2656 quibus
878 2584 1098 2634 tantum
1138 2575 1554 2637 usumfructum

5 2714 19 2740 ,
46 2672 123 2729 ita
154 2668 384 2750 placuit,
418 2678 478 2729 ut
506 2668 779 2750 quidquid
808 2689 874 2729 ex
904 2690 964 2727 re
993 2677 1188 2729 nostra
1211 2669 1298 2729 vel
1325 2690 1394 2729 ex
1419 2691 1554 2750 ope·

0 2764 69 2822 iis
106 2762 437 2843 adquirant,
470 2761 525 2820 id
554 2760 719 2821 nobis
758 2761 1081 2841 adjiciatur3
1113 2761 1263 2842 quod
1297 2781 1427 2821 vero
1456 2784 1556 2821 ex-

0 2875 164 2916 ausas
194 2856 471 2935 persecuti
499 2864 654 2921 sunt,
686 2854 747 2913 id
774 2854 844 2913 ad
873 2854 1167 2914 dominum
1200 2856 1557 2935 proprietatis

45 2970 59 3006 ε
105 2949 296 3028 itaque
331 2950 378 3007 si
414 2949 462 3007 is
502 2967 693 3007 servus
732 2946 895 3007 heres
929 2948 1218 3006 institutus
1254 2949 1355 3019 sit,
1395 2948 1556 3029 lega-

0 3038 72 3099 tid
92 3041 145 3099 ci
173 3048 275 3099 aut
305 3039 576 3100 donatum
607 3039 794 3111 suerit,
832 3058 945 3099 oon
977 3039 1423 3112 usufructuario,
1458 3040 1558 3100 scd

0 3133 337 3214 ›roprietatis
366 3132 701 3213 adquiritur.
731 3131 886 3190 idem
912 3130 1096 3213 placet
1123 3139 1176 3190 et
1205 3130 1272 3189 de
1304 3150 1371 3190 eo
1399 3134 1496 3211 qui
1523 3153 1558 3191 a

0 3309 51 3378 5
75 3317 123 3373 3,
147 3318 222 3371 0..
242 3319 309 3362 m
327 3313 428 3363 bon.
448 3327 552 3376 quoe
576 3311 705 3361 Uber.
722 3334 788 3350 -
807 3313 874 3371 (2)
898 3310 1051 3373 Vulgo
1071 3324 1085 3356 ι
1111 3309 1344 3373 operibus,
1374 3309 1516 3359 male.
