<?xml version="1.0" encoding="UTF-8"?>
<!DOCTYPE html PUBLIC "-//W3C//DTD XHTML 1.0 Transitional//EN"
    "http://www.w3.org/TR/xhtml1/DTD/xhtml1-transitional.dtd">
<html xmlns="http://www.w3.org/1999/xhtml" xml:lang="en" lang="en">
 <head>
  <title>
</title>
<meta http-equiv="Content-Type" content="text/html;charset=utf-8" />
  <meta name='ocr-system' content='tesseract 3.04.00' />
  <meta name='ocr-capabilities' content='ocr_page ocr_carea ocr_par ocr_line ocrx_word'/>
</head>
<body>
  <div class='ocr_page' id='page_1' title='image "./manualejurissyn00paulgoog_0089.png"; bbox 0 0 2292 3684; ppageno 0'>
   <div class='ocr_carea' id='block_1_1' title="bbox 100 116 1938 185">
    <p class='ocr_par' dir='ltr' id='par_1_1' title="bbox 100 116 1938 185">
     <span class='ocr_line' id='line_1_1' title="bbox 100 116 1938 185; baseline -0.002 -12"><span class='ocrx_word' id='word_1_1' title='bbox 100 134 243 173; x_wconf 59' lang='lat' dir='ltr'><strong>scer.</strong></span> <span class='ocrx_word' id='word_1_2' title='bbox 270 131 414 173; x_wconf 71' lang='lat' dir='ltr'><strong>ins-r.</strong></span> <span class='ocrx_word' id='word_1_3' title='bbox 442 130 497 173; x_wconf 75' lang='lat' dir='ltr'><strong>r..</strong></span> <span class='ocrx_word' id='word_1_4' title='bbox 516 131 557 185; x_wconf 87' lang='lat'><strong>1,</strong></span> <span class='ocrx_word' id='word_1_5' title='bbox 577 130 633 171; x_wconf 77' lang='grc' dir='ltr'><strong>τ.</strong></span> <span class='ocrx_word' id='word_1_6' title='bbox 656 131 753 173; x_wconf 82' lang='lat' dir='ltr'><strong>xv.</strong></span> <span class='ocrx_word' id='word_1_7' title='bbox 774 132 845 172; x_wconf 71' lang='lat' dir='ltr'><strong>nn</strong></span> <span class='ocrx_word' id='word_1_8' title='bbox 862 132 985 173; x_wconf 67' lang='lat' dir='ltr'><strong>uzo.</strong></span> <span class='ocrx_word' id='word_1_9' title='bbox 1006 132 1134 173; x_wconf 77' lang='lat' dir='ltr'><strong>rur.</strong></span> <span class='ocrx_word' id='word_1_10' title='bbox 1155 130 1284 173; x_wconf 63' lang='grc' dir='ltr'><strong>-τικ</strong></span> <span class='ocrx_word' id='word_1_11' title='bbox 1307 132 1423 173; x_wconf 79' lang='lat' dir='ltr'><strong>xvr.</strong></span> <span class='ocrx_word' id='word_1_12' title='bbox 1452 132 1524 173; x_wconf 71' lang='lat' dir='ltr'><strong>nn</strong></span> <span class='ocrx_word' id='word_1_13' title='bbox 1547 132 1665 171; x_wconf 61' lang='lat' dir='ltr'><strong>cnr.</strong></span> <span class='ocrx_word' id='word_1_14' title='bbox 1691 130 1828 172; x_wconf 71' lang='lat' dir='ltr'><strong>neu.</strong></span> <span class='ocrx_word' id='word_1_15' title='bbox 1871 116 1938 169; x_wconf 83' lang='lat'><strong>97</strong></span> 
     </span>
    </p>
   </div>
   <div class='ocr_carea' id='block_1_2' title="bbox 76 234 1942 691">
    <p class='ocr_par' dir='ltr' id='par_1_2' title="bbox 76 234 1942 691">
     <span class='ocr_line' id='line_1_2' title="bbox 98 234 1942 317; baseline 0 -26"><span class='ocrx_word' id='word_1_16' title='bbox 98 234 361 293; x_wconf 84' lang='lat' dir='ltr'><strong>feminini</strong></span> <span class='ocrx_word' id='word_1_17' title='bbox 397 253 567 293; x_wconf 77' lang='lat' dir='ltr'><strong>sexus</strong></span> <span class='ocrx_word' id='word_1_18' title='bbox 592 254 863 314; x_wconf 79' lang='lat' dir='ltr'>personas</span> <span class='ocrx_word' id='word_1_19' title='bbox 900 237 1232 316; x_wconf 76' lang='lat' dir='ltr'><strong>cognatione</strong></span> <span class='ocrx_word' id='word_1_20' title='bbox 1263 236 1606 317; x_wconf 79' lang='lat' dir='ltr'><strong>junguntur,</strong></span> <span class='ocrx_word' id='word_1_21' title='bbox 1649 253 1766 293; x_wconf 90' lang='lat' dir='ltr'><strong>non</strong></span> <span class='ocrx_word' id='word_1_22' title='bbox 1811 242 1942 293; x_wconf 85' lang='lat' dir='ltr'><strong>sunt</strong></span> 
     </span>
     <span class='ocr_line' id='line_1_3' title="bbox 96 327 1940 411; baseline 0 -26"><span class='ocrx_word' id='word_1_23' title='bbox 96 328 355 409; x_wconf 79' lang='lat' dir='ltr'><strong>adgnati,</strong></span> <span class='ocrx_word' id='word_1_24' title='bbox 386 327 487 387; x_wconf 82' lang='lat' dir='ltr'><strong>sed</strong></span> <span class='ocrx_word' id='word_1_25' title='bbox 522 328 659 387; x_wconf 76' lang='lat' dir='ltr'><strong>alias</strong></span> <span class='ocrx_word' id='word_1_26' title='bbox 690 328 931 387; x_wconf 79' lang='lat' dir='ltr'><strong>naturali</strong></span> <span class='ocrx_word' id='word_1_27' title='bbox 952 332 1081 408; x_wconf 87' lang='lat' dir='ltr'><strong>jure</strong></span> <span class='ocrx_word' id='word_1_28' title='bbox 1109 332 1350 411; x_wconf 79' lang='lat' dir='ltr'><strong>cognati.</strong></span> <span class='ocrx_word' id='word_1_29' title='bbox 1383 331 1576 409; x_wconf 79' lang='lat' dir='ltr'><strong>ltaque</strong></span> <span class='ocrx_word' id='word_1_30' title='bbox 1606 330 1790 387; x_wconf 80' lang='lat' dir='ltr'><strong>amitoe</strong></span> <span class='ocrx_word' id='word_1_31' title='bbox 1832 336 1940 386; x_wconf 80' lang='lat' dir='ltr'><strong>tuae</strong></span> 
     </span>
     <span class='ocr_line' id='line_1_4' title="bbox 98 421 1942 504; baseline 0.001 -25"><span class='ocrx_word' id='word_1_32' title='bbox 98 422 247 480; x_wconf 78' lang='lat' dir='ltr'><strong>filius</strong></span> <span class='ocrx_word' id='word_1_33' title='bbox 274 441 394 479; x_wconf 87' lang='lat' dir='ltr'><strong>non</strong></span> <span class='ocrx_word' id='word_1_34' title='bbox 424 431 509 481; x_wconf 80' lang='lat' dir='ltr'><strong>est</strong></span> <span class='ocrx_word' id='word_1_35' title='bbox 536 421 641 481; x_wconf 87' lang='lat' dir='ltr'><strong>tibi</strong></span> <span class='ocrx_word' id='word_1_36' title='bbox 678 422 981 504; x_wconf 76' lang='lat' dir='ltr'><strong>adgnatus,</strong></span> <span class='ocrx_word' id='word_1_37' title='bbox 1011 424 1105 484; x_wconf 83' lang='lat' dir='ltr'><strong>sed</strong></span> <span class='ocrx_word' id='word_1_38' title='bbox 1134 433 1429 504; x_wconf 78' lang='lat' dir='ltr'><strong>cognatus,</strong></span> <span class='ocrx_word' id='word_1_39' title='bbox 1463 434 1518 483; x_wconf 81' lang='lat' dir='ltr'><strong>et</strong></span> <span class='ocrx_word' id='word_1_40' title='bbox 1555 426 1798 482; x_wconf 83' lang='lat' dir='ltr'><strong>invicem</strong></span> <span class='ocrx_word' id='word_1_41' title='bbox 1829 423 1942 481; x_wconf 85' lang='lat' dir='ltr'><strong>sci-</strong></span> 
     </span>
     <span class='ocr_line' id='line_1_5' title="bbox 94 514 1934 610; baseline 0.001 -38"><span class='ocrx_word' id='word_1_42' title='bbox 94 514 221 573; x_wconf 85' lang='lat' dir='ltr'><strong>licet</strong></span> <span class='ocrx_word' id='word_1_43' title='bbox 255 524 317 573; x_wconf 90' lang='lat' dir='ltr'><strong>tu</strong></span> <span class='ocrx_word' id='word_1_44' title='bbox 358 514 441 573; x_wconf 81' lang='lat' dir='ltr'><strong>illi</strong></span> <span class='ocrx_word' id='word_1_45' title='bbox 484 514 684 575; x_wconf 84' lang='lat' dir='ltr'><strong>eodem</strong></span> <span class='ocrx_word' id='word_1_46' title='bbox 710 518 840 596; x_wconf 85' lang='lat' dir='ltr'><strong>jure</strong></span> <span class='ocrx_word' id='word_1_47' title='bbox 870 517 1261 599; x_wconf 74' lang='lat' dir='ltr'><strong>conjungeris,</strong></span> <span class='ocrx_word' id='word_1_48' title='bbox 1293 518 1428 597; x_wconf 81' lang='lat' dir='ltr'><strong>quin</strong></span> <span class='ocrx_word' id='word_1_49' title='bbox 1473 520 1568 597; x_wconf 87' lang='lat' dir='ltr'><strong>qui</strong></span> <span class='ocrx_word' id='word_1_50' title='bbox 1599 524 1934 610; x_wconf 74' lang='lat' dir='ltr'><strong>nascuntur,</strong></span> 
     </span>
     <span class='ocr_line' id='line_1_6' title="bbox 76 608 1376 691; baseline 0.002 -24"><span class='ocrx_word' id='word_1_51' title='bbox 76 611 297 687; x_wconf 57' lang='lat' dir='ltr'><strong>vetris,</strong></span> <span class='ocrx_word' id='word_1_52' title='bbox 328 628 447 667; x_wconf 90' lang='lat' dir='ltr'><strong>non</strong></span> <span class='ocrx_word' id='word_1_53' title='bbox 477 612 702 684; x_wconf 79' lang='lat' dir='ltr'><strong>matris,</strong></span> <span class='ocrx_word' id='word_1_54' title='bbox 734 608 1011 669; x_wconf 82' lang='lat' dir='ltr'><strong>familiam</strong></span> <span class='ocrx_word' id='word_1_55' title='bbox 1041 620 1376 691; x_wconf 75' lang='lat' dir='ltr'><strong>sequuntur.</strong></span> 
     </span>
    </p>
   </div>
   <div class='ocr_carea' id='block_1_3' title="bbox 91 1244 1938 1790">
    <p class='ocr_par' dir='ltr' id='par_1_3' title="bbox 91 1244 1938 1790">
     <span class='ocr_line' id='line_1_7' title="bbox 177 1244 1938 1317; baseline -0.001 -12"><span class='ocrx_word' id='word_1_56' title='bbox 177 1258 242 1305; x_wconf 65' lang='lat'><strong>8.</strong></span> <span class='ocrx_word' id='word_1_57' title='bbox 276 1244 441 1317; x_wconf 89' lang='lat' dir='ltr'><strong>Quod</strong></span> <span class='ocrx_word' id='word_1_58' title='bbox 470 1253 661 1305; x_wconf 82' lang='lat' dir='ltr'><strong>nutem</strong></span> <span class='ocrx_word' id='word_1_59' title='bbox 701 1245 789 1305; x_wconf 89' lang='lat' dir='ltr'><strong>lex</strong></span> <span class='ocrx_word' id='word_1_60' title='bbox 826 1245 899 1305; x_wconf 80' lang='lat' dir='ltr'><strong>ab</strong></span> <span class='ocrx_word' id='word_1_61' title='bbox 937 1247 1199 1306; x_wconf 79' lang='lat' dir='ltr'><strong>intestato</strong></span> <span class='ocrx_word' id='word_1_62' title='bbox 1241 1253 1401 1307; x_wconf 83' lang='lat' dir='ltr'><strong>vocat</strong></span> <span class='ocrx_word' id='word_1_63' title='bbox 1439 1246 1512 1307; x_wconf 79' lang='lat' dir='ltr'><strong>ad</strong></span> <span class='ocrx_word' id='word_1_64' title='bbox 1559 1245 1792 1306; x_wconf 81' lang='lat' dir='ltr'><strong>tutelam</strong></span> <span class='ocrx_word' id='word_1_65' title='bbox 1836 1245 1938 1305; x_wconf 80' lang='lat' dir='ltr'><strong>nd-</strong></span> 
     </span>
     <span class='ocr_line' id='line_1_8' title="bbox 100 1338 1938 1420; baseline 0 -23"><span class='ocrx_word' id='word_1_66' title='bbox 100 1349 324 1419; x_wconf 66' lang='lat' dir='ltr'><strong>gnatoS,</strong></span> <span class='ocrx_word' id='word_1_67' title='bbox 372 1359 489 1399; x_wconf 91' lang='lat' dir='ltr'><strong>non</strong></span> <span class='ocrx_word' id='word_1_68' title='bbox 532 1340 679 1399; x_wconf 84' lang='lat' dir='ltr'><strong>hanc</strong></span> <span class='ocrx_word' id='word_1_69' title='bbox 716 1338 888 1398; x_wconf 80' lang='lat' dir='ltr'><strong>habet</strong></span> <span class='ocrx_word' id='word_1_70' title='bbox 926 1339 1422 1420; x_wconf 80' lang='lat' dir='ltr'><strong>significationem,</strong></span> <span class='ocrx_word' id='word_1_71' title='bbox 1455 1342 1503 1399; x_wconf 81' lang='lat' dir='ltr'><strong>si</strong></span> <span class='ocrx_word' id='word_1_72' title='bbox 1545 1342 1782 1400; x_wconf 90' lang='lat' dir='ltr'><strong>omnino</strong></span> <span class='ocrx_word' id='word_1_73' title='bbox 1825 1358 1938 1399; x_wconf 90' lang='lat' dir='ltr'><strong>non</strong></span> 
     </span>
     <span class='ocr_line' id='line_1_9' title="bbox 102 1434 1936 1515; baseline 0.001 -24"><span class='ocrx_word' id='word_1_74' title='bbox 102 1434 293 1495; x_wconf 80' lang='lat' dir='ltr'><strong>fecerit</strong></span> <span class='ocrx_word' id='word_1_75' title='bbox 338 1443 735 1495; x_wconf 82' lang='lat' dir='ltr'><strong>testamentum</strong></span> <span class='ocrx_word' id='word_1_76' title='bbox 776 1438 823 1493; x_wconf 86' lang='lat' dir='ltr'><strong>is</strong></span> <span class='ocrx_word' id='word_1_77' title='bbox 866 1438 962 1515; x_wconf 90' lang='lat' dir='ltr'><strong>qui</strong></span> <span class='ocrx_word' id='word_1_78' title='bbox 1004 1442 1226 1515; x_wconf 78' lang='lat' dir='ltr'><strong>poterat</strong></span> <span class='ocrx_word' id='word_1_79' title='bbox 1261 1444 1472 1495; x_wconf 87' lang='lat' dir='ltr'><strong>tutores</strong></span> <span class='ocrx_word' id='word_1_80' title='bbox 1513 1435 1674 1508; x_wconf 77' lang='lat' dir='ltr'><strong>dare,</strong></span> <span class='ocrx_word' id='word_1_81' title='bbox 1718 1434 1812 1495; x_wconf 80' lang='lat' dir='ltr'><strong>sed</strong></span> <span class='ocrx_word' id='word_1_82' title='bbox 1861 1436 1936 1507; x_wconf 79' lang='lat' dir='ltr'><strong>si,</strong></span> 
     </span>
     <span class='ocr_line' id='line_1_10' title="bbox 98 1527 1933 1610; baseline -0.001 -23"><span class='ocrx_word' id='word_1_83' title='bbox 98 1538 373 1609; x_wconf 82' lang='lat' dir='ltr'><strong>quantum</strong></span> <span class='ocrx_word' id='word_1_84' title='bbox 414 1528 485 1587; x_wconf 78' lang='lat' dir='ltr'><strong>ad</strong></span> <span class='ocrx_word' id='word_1_85' title='bbox 522 1527 753 1588; x_wconf 87' lang='lat' dir='ltr'><strong>tutelam</strong></span> <span class='ocrx_word' id='word_1_86' title='bbox 784 1530 1055 1610; x_wconf 80' lang='lat' dir='ltr'>pertinet,</span> <span class='ocrx_word' id='word_1_87' title='bbox 1096 1530 1390 1588; x_wconf 82' lang='lat' dir='ltr'><strong>intestatus</strong></span> <span class='ocrx_word' id='word_1_88' title='bbox 1429 1527 1752 1599; x_wconf 79' lang='lat' dir='ltr'><strong>decesserit3</strong></span> <span class='ocrx_word' id='word_1_89' title='bbox 1785 1528 1933 1609; x_wconf 86' lang='lat' dir='ltr'><strong>quod</strong></span> 
     </span>
     <span class='ocr_line' id='line_1_11' title="bbox 92 1619 1937 1702; baseline 0.001 -25"><span class='ocrx_word' id='word_1_90' title='bbox 92 1630 226 1681; x_wconf 86' lang='lat' dir='ltr'><strong>tunc</strong></span> <span class='ocrx_word' id='word_1_91' title='bbox 272 1642 501 1702; x_wconf 88' lang='lat' dir='ltr'><strong>quoque</strong></span> <span class='ocrx_word' id='word_1_92' title='bbox 548 1620 797 1680; x_wconf 77' lang='lat' dir='ltr'><strong>accidere</strong></span> <span class='ocrx_word' id='word_1_93' title='bbox 844 1619 1193 1701; x_wconf 78' lang='lat' dir='ltr'><strong>intelligitur,</strong></span> <span class='ocrx_word' id='word_1_94' title='bbox 1236 1641 1366 1681; x_wconf 89' lang='lat' dir='ltr'><strong>cum</strong></span> <span class='ocrx_word' id='word_1_95' title='bbox 1412 1623 1458 1680; x_wconf 84' lang='lat' dir='ltr'><strong>is</strong></span> <span class='ocrx_word' id='word_1_96' title='bbox 1507 1624 1606 1702; x_wconf 90' lang='lat' dir='ltr'><strong>qui</strong></span> <span class='ocrx_word' id='word_1_97' title='bbox 1651 1622 1814 1681; x_wconf 78' lang='lat' dir='ltr'><strong>datus</strong></span> <span class='ocrx_word' id='word_1_98' title='bbox 1856 1627 1937 1679; x_wconf 88' lang='lat' dir='ltr'><strong>est</strong></span> 
     </span>
     <span class='ocr_line' id='line_1_12' title="bbox 91 1714 1058 1790; baseline 0.003 -16"><span class='ocrx_word' id='word_1_99' title='bbox 91 1722 261 1790; x_wconf 87' lang='lat' dir='ltr'><strong>tutor,</strong></span> <span class='ocrx_word' id='word_1_100' title='bbox 296 1717 423 1775; x_wconf 75' lang='lat' dir='ltr'><strong>vivo</strong></span> <span class='ocrx_word' id='word_1_101' title='bbox 450 1724 714 1775; x_wconf 79' lang='lat' dir='ltr'><strong>testatore</strong></span> <span class='ocrx_word' id='word_1_102' title='bbox 742 1714 1058 1777; x_wconf 79' lang='lat' dir='ltr'><strong>decesserit.</strong></span> 
     </span>
    </p>
   </div>
   <div class='ocr_carea' id='block_1_4' title="bbox 85 1930 1938 2391">
    <p class='ocr_par' dir='ltr' id='par_1_4' title="bbox 85 1930 1938 2391">
     <span class='ocr_line' id='line_1_13' title="bbox 176 1930 1937 2015; baseline 0 -22"><span class='ocrx_word' id='word_1_103' title='bbox 176 1943 243 1993; x_wconf 72' lang='lat'><strong>³.</strong></span> <span class='ocrx_word' id='word_1_104' title='bbox 280 1930 388 1991; x_wconf 86' lang='lat' dir='ltr'><strong>Sed</strong></span> <span class='ocrx_word' id='word_1_105' title='bbox 417 1931 777 2014; x_wconf 76' lang='lat' dir='ltr'><strong>adgnationis</strong></span> <span class='ocrx_word' id='word_1_106' title='bbox 817 1933 1044 2015; x_wconf 86' lang='lat' dir='ltr'><strong>quidem</strong></span> <span class='ocrx_word' id='word_1_107' title='bbox 1067 1934 1164 2013; x_wconf 85' lang='lat' dir='ltr'><strong>jus</strong></span> <span class='ocrx_word' id='word_1_108' title='bbox 1201 1932 1468 1993; x_wconf 89' lang='lat' dir='ltr'><strong>omnibus</strong></span> <span class='ocrx_word' id='word_1_109' title='bbox 1509 1934 1691 1993; x_wconf 81' lang='lat' dir='ltr'><strong>modis</strong></span> <span class='ocrx_word' id='word_1_110' title='bbox 1739 1934 1937 2015; x_wconf 78' lang='lat' dir='ltr'><strong>capitis</strong></span> 
     </span>
     <span class='ocr_line' id='line_1_14' title="bbox 88 2026 1938 2109; baseline 0.001 -23"><span class='ocrx_word' id='word_1_111' title='bbox 88 2026 485 2087; x_wconf 80' lang='lat' dir='ltr'><strong>deminutione</strong></span> <span class='ocrx_word' id='word_1_112' title='bbox 520 2026 853 2108; x_wconf 79' lang='lat' dir='ltr'><strong>plerumque</strong></span> <span class='ocrx_word' id='word_1_113' title='bbox 884 2029 1197 2109; x_wconf 86' lang='lat' dir='ltr'><strong>perimitur,</strong></span> <span class='ocrx_word' id='word_1_114' title='bbox 1228 2048 1364 2087; x_wconf 78' lang='lat' dir='ltr'><strong>num</strong></span> <span class='ocrx_word' id='word_1_115' title='bbox 1393 2027 1657 2107; x_wconf 77' lang='lat' dir='ltr'><strong>adgnatio</strong></span> <span class='ocrx_word' id='word_1_116' title='bbox 1679 2029 1826 2107; x_wconf 87' lang='lat' dir='ltr'><strong>juris</strong></span> <span class='ocrx_word' id='word_1_117' title='bbox 1855 2037 1938 2087; x_wconf 84' lang='lat' dir='ltr'><strong>est</strong></span> 
     </span>
     <span class='ocr_line' id='line_1_15' title="bbox 86 2120 1937 2203; baseline 0.001 -24"><span class='ocrx_word' id='word_1_118' title='bbox 86 2141 321 2181; x_wconf 87' lang='lat' dir='ltr'><strong>nomen.</strong></span> <span class='ocrx_word' id='word_1_119' title='bbox 356 2121 723 2203; x_wconf 75' lang='lat' dir='ltr'><strong>Cognationis</strong></span> <span class='ocrx_word' id='word_1_120' title='bbox 751 2142 882 2183; x_wconf 86' lang='lat' dir='ltr'><strong>vero</strong></span> <span class='ocrx_word' id='word_1_121' title='bbox 904 2123 999 2201; x_wconf 84' lang='lat' dir='ltr'><strong>jus</strong></span> <span class='ocrx_word' id='word_1_122' title='bbox 1029 2142 1145 2183; x_wconf 86' lang='lat' dir='ltr'><strong>non</strong></span> <span class='ocrx_word' id='word_1_123' title='bbox 1175 2120 1442 2182; x_wconf 87' lang='lat' dir='ltr'><strong>omnibus</strong></span> <span class='ocrx_word' id='word_1_124' title='bbox 1470 2122 1652 2182; x_wconf 80' lang='lat' dir='ltr'><strong>modis</strong></span> <span class='ocrx_word' id='word_1_125' title='bbox 1677 2142 1937 2183; x_wconf 82' lang='lat' dir='ltr'><strong>commn-</strong></span> 
     </span>
     <span class='ocr_line' id='line_1_16' title="bbox 86 2214 1936 2305; baseline 0.003 -31"><span class='ocrx_word' id='word_1_126' title='bbox 86 2226 277 2288; x_wconf 77' lang='lat' dir='ltr'><strong>tatur3</strong></span> <span class='ocrx_word' id='word_1_127' title='bbox 330 2218 468 2296; x_wconf 75' lang='lat' dir='ltr'><strong>quie</strong></span> <span class='ocrx_word' id='word_1_128' title='bbox 508 2215 687 2277; x_wconf 80' lang='lat' dir='ltr'><strong>civilis</strong></span> <span class='ocrx_word' id='word_1_129' title='bbox 729 2218 873 2276; x_wconf 80' lang='lat' dir='ltr'><strong>ratio</strong></span> <span class='ocrx_word' id='word_1_130' title='bbox 906 2216 1091 2275; x_wconf 83' lang='lat' dir='ltr'><strong>civilia</strong></span> <span class='ocrx_word' id='word_1_131' title='bbox 1128 2214 1357 2296; x_wconf 86' lang='lat' dir='ltr'><strong>quidem</strong></span> <span class='ocrx_word' id='word_1_132' title='bbox 1395 2218 1540 2305; x_wconf 52' lang='lat' dir='ltr'><strong>juro,</strong></span> <span class='ocrx_word' id='word_1_133' title='bbox 1571 2236 1936 2298; x_wconf 73' lang='lat' dir='ltr'><strong>corrumpere</strong></span> 
     </span>
     <span class='ocr_line' id='line_1_17' title="bbox 85 2308 1153 2391; baseline 0 -21"><span class='ocrx_word' id='word_1_134' title='bbox 85 2319 293 2391; x_wconf 83' lang='lat' dir='ltr'><strong>potest,</strong></span> <span class='ocrx_word' id='word_1_135' title='bbox 328 2308 611 2370; x_wconf 76' lang='lat' dir='ltr'><strong>naturalia</strong></span> <span class='ocrx_word' id='word_1_136' title='bbox 638 2330 769 2370; x_wconf 74' lang='lat' dir='ltr'><strong>vero</strong></span> <span class='ocrx_word' id='word_1_137' title='bbox 797 2331 912 2371; x_wconf 91' lang='lat' dir='ltr'><strong>non</strong></span> <span class='ocrx_word' id='word_1_138' title='bbox 942 2312 1153 2391; x_wconf 83' lang='lat' dir='ltr'><strong>ntique.</strong></span> 
     </span>
    </p>
   </div>
   <div class='ocr_carea' id='block_1_5' title="bbox 498 2448 1596 2513">
    <p class='ocr_par' dir='ltr' id='par_1_5' title="bbox 498 2448 1596 2513">
     <span class='ocr_line' id='line_1_18' title="bbox 498 2448 1596 2513; baseline 0.002 -4"><span class='ocrx_word' id='word_1_139' title='bbox 498 2448 611 2510; x_wconf 77' lang='grc' dir='ltr'><strong>Τιτ.</strong></span> <span class='ocrx_word' id='word_1_140' title='bbox 644 2449 780 2511; x_wconf 72' lang='lat' dir='ltr'><strong>xm.</strong></span> <span class='ocrx_word' id='word_1_141' title='bbox 814 2450 899 2512; x_wconf 75' lang='lat' dir='ltr'><strong>1)ss</strong></span> <span class='ocrx_word' id='word_1_142' title='bbox 926 2468 1121 2511; x_wconf 66' lang='lat' dir='ltr'><strong>carrus</strong></span> <span class='ocrx_word' id='word_1_143' title='bbox 1149 2468 1528 2513; x_wconf 70' lang='lat' dir='ltr'><strong>nnnmurrouu,</strong></span> <span class='ocrx_word' id='word_1_144' title='bbox 1589 2478 1596 2485; x_wconf 85' lang='lat'><strong>·</strong></span> 
     </span>
    </p>
   </div>
   <div class='ocr_carea' id='block_1_6' title="bbox 86 2566 1938 3307">
    <p class='ocr_par' dir='ltr' id='par_1_6' title="bbox 86 2566 1938 2911">
     <span class='ocr_line' id='line_1_19' title="bbox 166 2566 1932 2651; baseline 0.001 -26"><span class='ocrx_word' id='word_1_145' title='bbox 166 2566 271 2625; x_wconf 78' lang='lat' dir='ltr'><strong>Est</strong></span> <span class='ocrx_word' id='word_1_146' title='bbox 302 2574 492 2626; x_wconf 83' lang='lat' dir='ltr'><strong>antem</strong></span> <span class='ocrx_word' id='word_1_147' title='bbox 520 2570 718 2648; x_wconf 82' lang='lat' dir='ltr'><strong>capitis</strong></span> <span class='ocrx_word' id='word_1_148' title='bbox 747 2568 1057 2630; x_wconf 86' lang='lat' dir='ltr'><strong>deminutio</strong></span> <span class='ocrx_word' id='word_1_149' title='bbox 1086 2570 1293 2651; x_wconf 81' lang='lat' dir='ltr'><strong>prioris</strong></span> <span class='ocrx_word' id='word_1_150' title='bbox 1334 2576 1508 2629; x_wconf 75' lang='lat' dir='ltr'><strong>status</strong></span> <span class='ocrx_word' id='word_1_151' title='bbox 1539 2570 1932 2641; x_wconf 79' lang='lat' dir='ltr'><strong>commutatio,</strong></span> 
     </span>
     <span class='ocr_line' id='line_1_20' title="bbox 86 2660 1936 2743; baseline 0.001 -22"><span class='ocrx_word' id='word_1_152' title='bbox 86 2682 272 2741; x_wconf 83' lang='lat' dir='ltr'><strong>eaque</strong></span> <span class='ocrx_word' id='word_1_153' title='bbox 312 2660 495 2721; x_wconf 81' lang='lat' dir='ltr'><strong>tribus</strong></span> <span class='ocrx_word' id='word_1_154' title='bbox 536 2662 718 2722; x_wconf 77' lang='lat' dir='ltr'><strong>modis</strong></span> <span class='ocrx_word' id='word_1_155' title='bbox 760 2663 959 2723; x_wconf 74' lang='lat' dir='ltr'><strong>accidit</strong></span> <span class='ocrx_word' id='word_1_156' title='bbox 993 2686 1007 2721; x_wconf 92' lang='lat'>:</span> <span class='ocrx_word' id='word_1_157' title='bbox 1038 2683 1172 2723; x_wconf 86' lang='lat' dir='ltr'><strong>nam</strong></span> <span class='ocrx_word' id='word_1_158' title='bbox 1201 2672 1300 2723; x_wconf 78' lang='lat' dir='ltr'><strong>aut</strong></span> <span class='ocrx_word' id='word_1_159' title='bbox 1334 2667 1584 2723; x_wconf 79' lang='lat' dir='ltr'><strong>maxima</strong></span> <span class='ocrx_word' id='word_1_160' title='bbox 1619 2673 1700 2724; x_wconf 76' lang='lat' dir='ltr'><strong>est</strong></span> <span class='ocrx_word' id='word_1_161' title='bbox 1738 2664 1936 2743; x_wconf 80' lang='lat' dir='ltr'><strong>capitis</strong></span> 
     </span>
     <span class='ocr_line' id='line_1_21' title="bbox 88 2757 1938 2840; baseline 0.001 -25"><span class='ocrx_word' id='word_1_162' title='bbox 88 2757 435 2833; x_wconf 84' lang='lat' dir='ltr'><strong>deminutio,</strong></span> <span class='ocrx_word' id='word_1_163' title='bbox 466 2766 563 2817; x_wconf 82' lang='lat' dir='ltr'><strong>aut</strong></span> <span class='ocrx_word' id='word_1_164' title='bbox 589 2760 795 2833; x_wconf 86' lang='lat' dir='ltr'><strong>minor,</strong></span> <span class='ocrx_word' id='word_1_165' title='bbox 828 2779 1001 2840; x_wconf 79' lang='lat' dir='ltr'><strong>quam</strong></span> <span class='ocrx_word' id='word_1_166' title='bbox 1028 2760 1260 2840; x_wconf 79' lang='lat' dir='ltr'><strong>quidam</strong></span> <span class='ocrx_word' id='word_1_167' title='bbox 1289 2761 1537 2821; x_wconf 82' lang='lat' dir='ltr'><strong>mediam</strong></span> <span class='ocrx_word' id='word_1_168' title='bbox 1573 2768 1800 2833; x_wconf 80' lang='lat' dir='ltr'><strong>vocant,</strong></span> <span class='ocrx_word' id='word_1_169' title='bbox 1839 2768 1938 2817; x_wconf 76' lang='lat' dir='ltr'><strong>aut</strong></span> 
     </span>
     <span class='ocr_line' id='line_1_22' title="bbox 88 2871 347 2911; baseline 0 -2"><span class='ocrx_word' id='word_1_170' title='bbox 88 2871 347 2911; x_wconf 76' lang='lat' dir='ltr'><strong>minima.</strong></span> 
     </span>
    </p>

    <p class='ocr_par' dir='ltr' id='par_1_7' title="bbox 92 2942 1937 3307">
     <span class='ocr_line' id='line_1_23' title="bbox 173 2942 1936 3027; baseline 0 -22"><span class='ocrx_word' id='word_1_171' title='bbox 173 2955 236 3006; x_wconf 82' lang='lat'><strong>1.</strong></span> <span class='ocrx_word' id='word_1_172' title='bbox 277 2944 531 3005; x_wconf 78' lang='lat' dir='ltr'><strong>Maxima</strong></span> <span class='ocrx_word' id='word_1_173' title='bbox 564 2946 765 3026; x_wconf 83' lang='lat' dir='ltr'><strong>capitis</strong></span> <span class='ocrx_word' id='word_1_174' title='bbox 795 2942 1105 3005; x_wconf 86' lang='lat' dir='ltr'><strong>deminutio</strong></span> <span class='ocrx_word' id='word_1_175' title='bbox 1146 2954 1256 3021; x_wconf 81' lang='lat' dir='ltr'><strong>est,</strong></span> <span class='ocrx_word' id='word_1_176' title='bbox 1290 2965 1420 3007; x_wconf 90' lang='lat' dir='ltr'><strong>cum</strong></span> <span class='ocrx_word' id='word_1_177' title='bbox 1449 2943 1653 3027; x_wconf 79' lang='lat' dir='ltr'><strong>aliquis</strong></span> <span class='ocrx_word' id='word_1_178' title='bbox 1680 2944 1848 3005; x_wconf 80' lang='lat' dir='ltr'><strong>simul</strong></span> <span class='ocrx_word' id='word_1_179' title='bbox 1882 2954 1936 3005; x_wconf 88' lang='lat' dir='ltr'><strong>et</strong></span> 
     </span>
     <span class='ocr_line' id='line_1_24' title="bbox 93 3037 1937 3121; baseline 0 -24"><span class='ocrx_word' id='word_1_180' title='bbox 93 3040 371 3099; x_wconf 73' lang='lat' dir='ltr'><strong>civitatem</strong></span> <span class='ocrx_word' id='word_1_181' title='bbox 411 3048 467 3097; x_wconf 85' lang='lat' dir='ltr'><strong>et</strong></span> <span class='ocrx_word' id='word_1_182' title='bbox 512 3037 829 3099; x_wconf 82' lang='lat' dir='ltr'><strong>libertatem</strong></span> <span class='ocrx_word' id='word_1_183' title='bbox 878 3041 1083 3098; x_wconf 78' lang='lat' dir='ltr'><strong>emittit</strong></span> <span class='ocrx_word' id='word_1_184' title='bbox 1121 3061 1133 3097; x_wconf 93' lang='lat'><strong>:</strong></span> <span class='ocrx_word' id='word_1_185' title='bbox 1173 3040 1322 3121; x_wconf 88' lang='lat' dir='ltr'><strong>quod</strong></span> <span class='ocrx_word' id='word_1_186' title='bbox 1370 3039 1569 3100; x_wconf 82' lang='lat' dir='ltr'><strong>accidit</strong></span> <span class='ocrx_word' id='word_1_187' title='bbox 1613 3040 1670 3097; x_wconf 89' lang='lat' dir='ltr'><strong>in</strong></span> <span class='ocrx_word' id='word_1_188' title='bbox 1711 3038 1800 3097; x_wconf 84' lang='lat' dir='ltr'><strong>his</strong></span> <span class='ocrx_word' id='word_1_189' title='bbox 1838 3041 1937 3118; x_wconf 90' lang='lat' dir='ltr'><strong>qui</strong></span> 
     </span>
     <span class='ocr_line' id='line_1_25' title="bbox 93 3131 1937 3215; baseline 0.001 -25"><span class='ocrx_word' id='word_1_190' title='bbox 93 3135 231 3192; x_wconf 79' lang='lat' dir='ltr'><strong>servi</strong></span> <span class='ocrx_word' id='word_1_191' title='bbox 260 3154 447 3215; x_wconf 79' lang='lat' dir='ltr'><strong>poenae</strong></span> <span class='ocrx_word' id='word_1_192' title='bbox 474 3133 798 3193; x_wconf 82' lang='lat' dir='ltr'><strong>efficiuntur</strong></span> <span class='ocrx_word' id='word_1_193' title='bbox 826 3136 1112 3193; x_wconf 80' lang='lat' dir='ltr'><strong>atrocitate</strong></span> <span class='ocrx_word' id='word_1_194' title='bbox 1145 3136 1456 3204; x_wconf 81' lang='lat' dir='ltr'><strong>sententioe,</strong></span> <span class='ocrx_word' id='word_1_195' title='bbox 1489 3132 1576 3192; x_wconf 83' lang='lat' dir='ltr'><strong>vel</strong></span> <span class='ocrx_word' id='word_1_196' title='bbox 1607 3131 1842 3205; x_wconf 64' lang='lat' dir='ltr'><strong>libertis»,</strong></span> <span class='ocrx_word' id='word_1_197' title='bbox 1875 3142 1937 3191; x_wconf 84' lang='lat' dir='ltr'><strong>ut</strong></span> 
     </span>
     <span class='ocr_line' id='line_1_26' title="bbox 92 3225 1934 3307; baseline 0.002 -26"><span class='ocrx_word' id='word_1_198' title='bbox 92 3227 321 3307; x_wconf 74' lang='lat' dir='ltr'><strong>ingratis</strong></span> <span class='ocrx_word' id='word_1_199' title='bbox 347 3246 486 3307; x_wconf 78' lang='lat' dir='ltr'><strong>erga</strong></span> <span class='ocrx_word' id='word_1_200' title='bbox 515 3235 786 3307; x_wconf 76' lang='lat' dir='ltr'><strong>patronos</strong></span> <span class='ocrx_word' id='word_1_201' title='bbox 814 3227 1221 3299; x_wconf 72' lang='lat' dir='ltr'><strong>condemnatiS,</strong></span> <span class='ocrx_word' id='word_1_202' title='bbox 1252 3226 1340 3287; x_wconf 84' lang='lat' dir='ltr'><strong>vel</strong></span> <span class='ocrx_word' id='word_1_203' title='bbox 1369 3228 1467 3307; x_wconf 92' lang='lat' dir='ltr'><strong>qui</strong></span> <span class='ocrx_word' id='word_1_204' title='bbox 1495 3246 1555 3285; x_wconf 78' lang='lat' dir='ltr'><strong>se</strong></span> <span class='ocrx_word' id='word_1_205' title='bbox 1587 3225 1658 3284; x_wconf 79' lang='lat' dir='ltr'><strong>ad</strong></span> <span class='ocrx_word' id='word_1_206' title='bbox 1692 3228 1934 3305; x_wconf 85' lang='lat' dir='ltr'><strong>pretium</strong></span> 
     </span>
    </p>
   </div>
   <div class='ocr_carea' id='block_1_7' title="bbox 98 3318 1644 3463">
    <p class='ocr_par' dir='ltr' id='par_1_8' title="bbox 98 3318 1644 3463">
     <span class='ocr_line' id='line_1_27' title="bbox 98 3318 1271 3402; baseline 0.003 -25"><span class='ocrx_word' id='word_1_207' title='bbox 98 3318 549 3400; x_wconf 75' lang='lat' dir='ltr'><strong>participandum</strong></span> <span class='ocrx_word' id='word_1_208' title='bbox 579 3319 911 3381; x_wconf 76' lang='lat' dir='ltr'><strong>venumdari</strong></span> <span class='ocrx_word' id='word_1_209' title='bbox 940 3321 1093 3402; x_wconf 75' lang='lat' dir='ltr'><strong>passi</strong></span> <span class='ocrx_word' id='word_1_210' title='bbox 1121 3329 1271 3382; x_wconf 79' lang='lat' dir='ltr'><strong>sunt.</strong></span> 
     </span>
     <span class='ocr_line' id='line_1_28' title="bbox 1612 3412 1644 3463; baseline 0 0"><span class='ocrx_word' id='word_1_211' title='bbox 1612 3412 1644 3463; x_wconf 81' lang='lat'><strong>6</strong></span> 
     </span>
    </p>
   </div>
  </div>
 </body>
</html>
