2292 3684
343 80 442 137 ⁴¹2
479 94 592 136 cui
621 94 762 138 tus-r.
793 96 842 137 c.
873 94 954 149 m,
984 79 1260 152 §gu—76.
1282 94 1427 137 som
1450 94 1803 138 staturosum
1830 94 2185 139 summme.

341 199 608 259 effectum
639 208 698 259 ut
726 218 1022 281 nunquam
1047 198 1137 258 isti
1168 198 1427 259 homines
1456 208 1746 281 tamquam
1766 201 1914 259 cives
1932 198 2191 259 Romani

341 303 715 366 morerentur,
748 294 1006 374 quamvis
1033 312 1100 351 eo
1121 294 1254 372 jure
1280 302 1477 375 postea
1504 295 1593 353 usi
1622 302 1825 365 essent,
1850 312 1966 374 quo
1990 290 2085 351 vel
2114 312 2187 351 ex

337 385 463 467 lege
503 386 671 447 AElt'a
719 386 909 447 Sentis
960 385 1048 445 vel
1085 396 1161 446 ex
1201 386 1686 447 senatusconsulto
1726 388 1872 446 cives
1926 386 2185 447 Romani

340 490 556 552 essent,
589 480 749 541 divus
777 480 1126 553 Hadrianus,
1164 482 1460 563 iniquitate
1486 483 1570 541 rei
1596 488 1811 552 motus,
1844 488 2047 540 auctor
2076 478 2187 538 fuit

343 572 810 636 senatusconsulti
831 573 1131 654 faciundi,
1172 584 1236 633 ut
1279 576 1379 655 qui
1408 577 1707 657 ignorante
1748 573 1840 634 vel
1878 582 2189 635 recusante

341 675 583 748 patrono
623 666 696 726 ab
734 667 1080 747 imperatore
1100 669 1199 748 jus
1229 668 1532 739 Quiritium
1564 666 1849 727 consecuti
1880 671 2103 735 essent,
2136 664 2185 722 si

342 778 410 819 eo
430 762 562 839 jure
595 768 793 841 postea
817 760 907 819 usi
945 768 1161 835 essent,
1193 777 1307 839 quo
1334 778 1404 819 ex
1442 756 1565 840 lege
1593 757 1741 817 AElia
1772 758 1967 817 Sentis
1992 756 2086 817 vel
2114 777 2185 816 ex

341 851 846 923 senatusconsulto,
873 852 920 911 si
950 851 1134 910 Latini
1161 852 1519 925 mansissent,
1550 852 1829 910 civitatem
1857 850 2187 910 Romanam

343 956 836 1029 consequerentur,
869 946 1106 1027 proinde
1141 948 1252 1028 ipsi
1290 946 1658 1021 haberentur,
1689 966 1755 1006 ac
1792 948 1839 1006 si
1878 944 2006 1027 lege
2033 944 2186 1003 AEtia

343 1039 532 1100 Sentia
558 1038 646 1099 vel
673 1036 1165 1099 senatusconsulto
1200 1036 1269 1097 ad
1310 1040 1590 1099 civitatem
1618 1040 1939 1100 Romanam
1974 1056 2187 1119 perve-

345 1135 576 1193 nissent.

427 1236 547 1288 24.
587 1227 800 1287 Eorum
837 1234 1024 1285 autem
1064 1244 1207 1306 quos
1244 1224 1337 1285 lex
1374 1225 1523 1287 AElia
1564 1226 1755 1287 Sentis
1792 1224 2187 1287 dedititiorum

345 1338 581 1379 numero
613 1312 776 1389 facit,
819 1318 974 1379 bona
1009 1318 1177 1379 modo
1215 1320 1381 1399 qussi
1422 1322 1631 1381 civium
1672 1320 2067 1381 Romanorum
2106 1317 2187 1376 li-

345 1413 663 1485 bertorum,
697 1412 865 1473 modo
897 1413 1060 1491 quasi
1095 1412 1425 1473 Latinorum
1456 1412 1531 1472 ad
1564 1420 1835 1494 patronos
1870 1413 2179 1493 pertinent.

348 1520 456 1571 ²5.
499 1510 645 1568 Nam
681 1527 882 1569 eorum
909 1506 1060 1567 bona
1088 1508 1220 1587 qui,
1252 1509 1387 1567 siin
1422 1506 1614 1588 aliquo
1641 1510 1776 1568 vitio
1812 1526 1931 1567 nou
1972 1515 2185 1577 essent,

345 1604 680 1663 manumissi
709 1604 858 1661 cives
882 1601 1124 1660 Romani
1166 1600 1346 1660 futuri
1380 1610 1593 1673 essent,
1626 1603 1787 1682 quasi
1824 1602 2036 1661 civium
2065 1600 2193 1660 Ro-

345 1715 646 1756 manorum
675 1695 931 1775 patronis
965 1692 1161 1753 eedem
1198 1691 1322 1774 lege
1350 1693 1696 1755 tribuuntur.
1728 1694 1855 1753 Non
1896 1702 2091 1755 tamen
2124 1692 2189 1752 hi

345 1789 557 1852 habent
584 1790 752 1850 etiam
783 1788 1098 1847 testamenti
1123 1785 1455 1858 factionem3
1489 1806 1624 1847 nam
1652 1787 1710 1847 id
1736 1786 2027 1870 plerisque
2050 1784 2195 1867 pla-

345 1886 487 1956 cuit,
528 1902 633 1944 nec
675 1883 959 1943 immerito
987 1902 1001 1938 ε
1028 1898 1164 1939 nam
1191 1878 1522 1939 incredibile
1556 1878 1868 1953 videbatur,
1920 1882 2193 1961 pessimae

345 1974 684 2035 conditionis
721 1970 1053 2033 hominibus
1110 1968 1353 2031 voluisse
1396 1969 1538 2053 legis
1569 1971 1809 2033 latorem
1858 1977 2193 2035 testamenti

343 2069 594 2129 faciundi
614 2070 712 2149 jus
740 2066 1058 2127 concedere.
1105 2075 1219 2126 vo.
1252 2066 1466 2125 Eorum
1494 2084 1627 2127 vero
1654 2066 1811 2127 bona
1836 2068 1955 2146 qui,
1980 2069 2037 2125 si
2062 2088 2191 2127 non

344 2164 404 2221 in
447 2160 638 2242 aliquo
687 2162 817 2220 vitio
863 2166 1075 2230 essent,
1123 2159 1463 2217 manumissi
1502 2158 1681 2219 futuri
1725 2160 1911 2219 Latini
1962 2172 2190 2234 essent,

345 2254 584 2335 proinde
605 2252 936 2313 tribuuntur
957 2250 1235 2330 patronis,
1268 2270 1333 2313 ac
1364 2252 1413 2309 si
1442 2251 1627 2310 Latini
1652 2250 2044 2313 decessissent.
2068 2252 2193 2313 Nec

345 2368 438 2407 me
466 2348 738 2427 praeterit,
769 2364 886 2403 non
927 2344 1060 2402 satis
1091 2344 1154 2401 in
1184 2362 1252 2402 ea
1280 2362 1343 2402 re
1378 2341 1517 2424 legis
1552 2340 1789 2403 latorem
1834 2342 2191 2407 voluntatem

348 2458 508 2499 suam
539 2436 723 2497 verbis
751 2436 1102 2516 expressisse.
