2292 3684
369 137 521 179 sus-r.
551 136 698 181 xus-r.
735 138 789 181 ι..
822 140 883 196 n,
920 140 980 183 τ.
1006 140 1046 183 1.
1086 136 1161 182 ne·
1189 138 1476 183 nmsroun
1502 138 1713 183 neuun.
1862 124 1956 180 ⁴5⁴

112 240 390 301 alterutro
416 250 667 301 vestrum
696 250 876 302 totum
903 240 963 302 id
990 244 1339 305 frumentum
1367 244 1705 315 retinentur,
1745 244 1806 301 in
1841 260 1962 301 rem

113 333 349 416 quidem
379 338 527 395 ectio
555 356 663 417 pro
690 336 857 397 modo
886 336 1156 397 frumenti
1185 339 1458 418 cujusque
1485 337 1780 418 competit;
1810 334 1964 395 erbi-

114 434 225 491 trio
250 440 445 493 autem
462 430 671 513 judicis
700 434 1045 507 continetur,
1069 442 1132 493 ut
1155 436 1280 515 ipse
1313 434 1548 493 aestimet
1575 431 1744 513 quale
1771 433 1964 513 cujus-

113 545 227 606 que
248 524 607 585 frumentum
634 525 823 587 fuerit.

196 628 317 680 πθ.
352 619 496 678 Cum
526 622 587 678 in
616 639 719 678 sno
748 619 867 680 solo
895 619 1098 701 aliquis
1128 640 1196 679 ex
1224 619 1410 679 aliene
1443 620 1680 679 mutetis
1715 616 1962 679 oediflce-

110 714 289 783 verit,
326 714 451 794 ipse
485 711 821 794 intelligitur
855 713 1119 773 dominus
1158 712 1404 784 aedificii3
1437 714 1573 794 quie
1608 730 1778 771 omne
1815 710 1967 792 quod

110 804 518 876 inaedificatur,
556 804 679 863 solo
728 804 891 865 cedit.
939 806 1053 864 Nec
1096 813 1282 865 tamen
1321 805 1447 865 ideo
1485 808 1534 863 ie
1580 806 1678 885 qui
1719 806 1966 863 mnteriae

116 898 383 957 dominus
426 896 641 969 suerat,
673 896 875 959 desinit
910 896 1174 957 dominus
1209 901 1334 980 ejus
1372 918 1524 969 eese;
1557 896 1652 958 sed
1694 898 1968 978 tantisper

113 1011 306 1071 neque
345 989 629 1050 vindicare
664 1010 789 1051 eam
826 998 1041 1071 potest,
1083 1010 1267 1071 neque
1295 991 1366 1051 ed
1393 989 1774 1051 exhibendum
1801 990 1872 1049 de
1897 1010 1968 1049 ee

109 1104 177 1145 re
206 1104 397 1166 ogere,
422 1091 658 1166 propter
684 1084 865 1165 legem
894 1083 1189 1145 duodecim
1217 1084 1564 1154 tabularum,
1589 1106 1712 1167 qua
1739 1092 1966 1145 cavetur

110 1199 188 1237 ne
216 1180 351 1259 qnia
382 1180 603 1259 tignum
640 1176 890 1238 ellenum
924 1175 1136 1237 {edibus
1166 1178 1280 1237 suis
1302 1180 1563 1260 junctum
1593 1179 1839 1237 eximere
1866 1197 1966 1236 co—

108 1278 313 1351 gatur,
349 1269 449 1330 sed
483 1268 723 1351 duplum
743 1348 749 1355 ι
760 1290 867 1352 pro
906 1289 971 1330 eo
1007 1278 1228 1352 praestet
1264 1292 1369 1353 per
1400 1270 1679 1331 actionem
1711 1290 1834 1351 quae
1863 1289 1966 1329 vo-

110 1374 283 1424 cetur
321 1363 391 1424 de
428 1365 585 1445 tigno
622 1364 893 1448 injuncto.
936 1363 1334 1447 Appellatione
1371 1373 1560 1425 eutem
1597 1366 1741 1447 tigni
1779 1366 1965 1424 omnis

108 1461 361 1521 materie
388 1458 767 1540 significetur,
804 1478 874 1519 ex
902 1478 1015 1539 que
1042 1458 1274 1519 aedificia
1301 1458 1461 1519 fiunt.
1496 1458 1655 1530 Quod
1685 1458 1809 1517 ideo
1837 1477 1970 1539 pro·

110 1556 303 1614 visum
332 1562 443 1626 est,
470 1573 545 1612 ne
574 1552 803 1613 edificia
830 1552 1073 1613 rescindi
1098 1574 1325 1614 necesse
1349 1556 1454 1625 sit3
1481 1554 1578 1614 sed
1606 1555 1654 1612 si
1683 1552 1873 1634 ulique
1895 1572 1968 1613 ex

115 1670 289 1708 causa
320 1646 574 1707 dirutum
602 1649 673 1708 sit
702 1648 997 1707 {edificium
1018 1694 1032 1720 ,
1076 1650 1283 1730 poterit
1307 1650 1556 1707 materiae
1581 1646 1879 1719 dominus,
1917 1650 1968 1709 si

117 1763 235 1801 non
266 1742 441 1802 fuerit
471 1739 707 1822 duplum
730 1742 853 1822 jum
881 1750 1240 1822 persecutus,
1281 1750 1417 1802 tunc
1447 1760 1570 1801 eam
1599 1740 1884 1800 vindicare
1913 1750 1967 1801 et

122 1837 193 1895 ad
225 1835 609 1896 exhibendum
638 1836 706 1897 de
732 1857 799 1897 ee
827 1856 888 1897 re
917 1856 1099 1919 egere.

202 1940 314 1993 80.
348 1932 433 1989 Ex
467 1930 713 2005 diverso,
744 1934 791 1991 si
820 1932 947 2012 quis
978 1934 1039 1990 in
1075 1930 1261 1990 alieno
1297 1928 1417 1990 solo
1454 1949 1558 1990 sue
1590 1931 1828 1992 materIa
1857 1929 1964 1989 do-

117 2044 279 2084 mum
312 2022 699 2096 aedificaverit,
736 2022 887 2083 illius
916 2022 978 2084 fit
1003 2024 1206 2085 domus
1234 2026 1395 2105 cujus
1423 2031 1476 2083 et
1508 2020 1690 2084 solum
1723 2030 1822 2083 est.
1853 2022 1962 2083 Sed

112 2116 223 2179 hoc
248 2136 393 2178 casu
418 2119 668 2177 meteriae
695 2115 960 2176 dominus
986 2118 1390 2197 proprietatem
1417 2118 1538 2197 ejus
1567 2117 1798 2189 emittit,
1825 2116 1962 2196 quie

112 2211 409 2270 voluntate
434 2212 553 2290 ejus
578 2208 907 2290 intelligitur
926 2208 1192 2282 alienate,
1221 2213 1414 2290 utique
1441 2211 1488 2268 si
1517 2228 1633 2268 non
1661 2208 1963 2290 ignorabat

112 2324 175 2363 se
202 2306 265 2362 in
301 2302 491 2362 alieno
520 2302 641 2362 solo
672 2302 973 2374 aedificer&
1002 2312 1059 2362 et
1090 2302 1242 2374 ideo,
1273 2302 1404 2362 licet
1427 2301 1615 2360 diruta
1643 2304 1711 2361 sit
1739 2302 1960 2373 domus,

112 2400 422 2458 materiam
450 2405 640 2456 tamen
668 2394 954 2456 vindicare
982 2416 1096 2456 non
1126 2403 1324 2477 potest.
1357 2396 1518 2456 Certe
1545 2394 1685 2455 illud
1713 2404 1961 2467 constet,

112 2494 162 2551 si
190 2494 255 2551 in
287 2492 641 2572 possessione
672 2492 971 2551 constituto
1002 2488 1361 2563 aedificatore,
1389 2490 1492 2550 soli
1519 2489 1781 2551 dominus
1812 2497 1964 2571 petet

112 2586 357 2647 domum
400 2605 563 2645 sunm
606 2605 751 2659 esse,
794 2606 897 2645 nec
934 2584 1113 2645 solvat
1151 2588 1399 2666 pretium
1437 2588 1682 2646 materiae
1719 2593 1773 2643 et
1809 2604 1968 2644 mer-

115 2679 283 2741 cedes
316 2678 639 2751 fabrorum,
668 2698 833 2759 posse
862 2698 991 2738 eum
1022 2698 1124 2759 per
1155 2681 1537 2759 exceptionem
1565 2677 1680 2738 doli
1707 2676 1849 2737 mali
1878 2698 1966 2737 re-

114 2772 285 2857 pelli,
324 2774 519 2854 utique
546 2775 594 2833 si
621 2771 785 2832 bonae
812 2772 940 2833 fidei
971 2792 1261 2853 possessor
1299 2772 1464 2833 fuerit
1502 2775 1599 2853 qui
1639 2772 1959 2843 aedificuvit3

112 2886 255 2925 nam
290 2866 491 2925 scienti
520 2864 769 2925 alienum
800 2864 983 2926 solum
1012 2885 1133 2925 esse
1162 2874 1343 2946 potest
1370 2865 1540 2945 objici
1567 2865 1761 2947 culpa,
1807 2862 1960 2945 quod

118 2958 479 3021 {edificaverit
516 2968 729 3019 temere
768 2960 830 3019 in
873 2978 939 3019 eo
980 2956 1103 3019 solo
1143 2958 1296 3038 quod
1337 2958 1671 3040 intelligeret
1712 2957 1960 3017 alienum

118 3074 265 3116 ense.

198 3158 321 3209 81.
366 3148 427 3207 Si
466 3148 645 3207 Titius
684 3145 931 3206 alienam
973 3145 1228 3227 plantam
1271 3148 1330 3206 in
1375 3144 1496 3206 solo
1535 3165 1638 3205 suo
1680 3146 1959 3225 posuerit,

122 3241 300 3321 ipsius
324 3242 458 3311 erit3
492 3248 549 3299 et
576 3259 645 3300 ex
670 3238 891 3299 diverso
918 3241 965 3298 si
996 3240 1174 3299 Titius
1201 3258 1364 3300 suem
1395 3238 1648 3319 plantum
1685 3239 1747 3295 in
1783 3236 1978 3302 Maevii,

124 3332 242 3392 solo
277 3335 560 3414 posuerit,
598 3332 778 3392 Maevii
819 3331 1012 3412 plante
1050 3334 1156 3391 erit
1189 3354 1203 3392 :
1250 3332 1295 3391 si
1331 3332 1501 3391 modo
1541 3338 1783 3409 utroque
1825 3345 1962 3386 casu
