2292 3684
263 121 428 162 mum
456 121 620 164 seur.
654 121 708 162 ι..
733 120 812 173 iv,
843 117 896 160 τ.
925 117 988 170 ιι,
1017 117 1102 158 ιιι.
1145 117 1261 156 ss.
1286 115 1576 169 runnu„
1604 115 1798 162 umas.
1846 107 1953 164 793

101 221 255 299 juris
305 224 448 296 erit,
499 221 1000 283 fideicommissum
1053 216 1313 278 relictum
1368 237 1727 300 quocumque
1781 222 1955 284 modo

111 317 301 394 patria
342 323 616 394 potestate
663 313 906 374 liberato
958 308 1215 371 debetur.
1306 319 1417 372 12.
1466 311 1667 394 Rogati
1710 314 1957 376 invicem

107 405 262 480 sibi,
309 410 358 466 si
397 410 520 467 siue
561 406 762 467 liberis
803 405 1170 473 decesserint,
1210 401 1581 464 hereditatem
1626 407 1920 468 restituere
1937 451 1955 482 ,

107 498 292 560 altero
317 499 618 562 decedente
653 501 777 561 sine
807 497 1036 569 liberis,
1087 493 1373 556 hereditas
1412 497 1485 556 ad
1524 517 1655 558 eum
1700 503 1961 580 pervenit

105 595 213 672 qni
231 596 568 674 super-vitiu
587 613 690 654 nec
709 612 778 652 ex
807 611 873 652 eo
901 589 1110 672 pacisci
1139 596 1339 648 contra
1357 585 1703 654 voluntatem
1730 599 1959 652 testato·
2050 595 2055 603 “

105 689 192 746 ris
213 698 470 767 possunt.
495 698 603 749 14.
637 687 814 746 Heres
836 694 968 746 ante
995 681 1209 743 aditam
1235 680 1625 756 hereditatem,
1655 682 1958 765 legatarius

105 787 424 860 antequem
445 780 696 861 legatum
722 779 1002 858 accipiat,
1021 775 1523 836 fideicommissum
1548 786 1814 856 prestare
1840 797 1959 838 non

104 881 372 954 possunt.
461 884 576 934 15.
613 873 754 931 Rem
781 870 1279 930 fideicommissum
1316 869 1363 928 si
1405 867 1569 928 heres
1612 869 1957 945 vendiderit,

103 985 356 1047 eamque
381 968 564 1028 sciens
581 965 1024 1046 comparaverit,
1053 959 1427 1022 nihilominus
1452 962 1513 1020 iu
1542 961 1961 1042 possessiouem

104 1060 238 1140 ejus
261 1059 818 1120 fideicommissarius
845 1059 989 1118 mitti
1016 1057 1153 1136 jure
1184 1054 1485 1116 desiderat.
1576 1068 1685 1118 1⁸.
1731 1056 1965 1128 Quoties

107 1151 334 1214 libertis
373 1153 870 1218 fideicommissum
906 1150 1283 1231 relinquitur,
1330 1148 1402 1208 ad
1444 1169 1541 1210 eos
1566 1150 1962 1211 tautummodo

105 1247 330 1328 placuit
368 1250 651 1328 pertinere
681 1249 780 1327 qui
823 1246 1161 1306 manumissi
1204 1251 1363 1316 sunt,
1402 1241 1491 1304 vel
1538 1245 1727 1324 quiin
1763 1243 1961 1305 eodem

105 1349 448 1402 testamento
473 1339 794 1402 libertatem
824 1343 976 1399 intra
1005 1357 1311 1398 numerum
1329 1336 1647 1418 legitimum
1674 1340 1963 1399 consecuti

103 1443 272 1493 sunt.
361 1446 472 1496 lv.
501 1434 608 1494 Cui
629 1432 706 1493 ah
733 1432 941 1492 herede
958 1430 1459 1489 fideicommissum
1479 1447 1594 1488 non
1624 1440 1924 1510 prestatur
1940 1477 1957 1503 ,

106 1549 234 1590 non
263 1529 450 1590 solum
477 1532 540 1590 iu
568 1549 658 1591 res
692 1527 1091 1596 hereditarias,
1123 1523 1225 1584 sed
1252 1511 1307 1584 ei
1334 1525 1395 1584 in
1438 1526 1703 1604 proprias
1732 1525 1961 1588 heredis

103 1621 428 1683 inducitur.
518 1633 630 1685 18.
660 1621 764 1680 Jus
805 1639 976 1680 omne
1009 1615 1431 1677 fideicommissi
1461 1635 1579 1676 non
1616 1617 1679 1676 in
1708 1618 1962 1680 vindica-

103 1719 300 1789 tione,
332 1717 430 1776 sed
459 1719 519 1774 in
539 1717 811 1798 petitione
838 1712 1114 1774 consistit.
1183 1731 1193 1745 ·

383 1869 497 1929 Τιτ.
543 1869 614 1930 11.
658 1869 741 1928 Dr
781 1853 1263 1928 seua-ruscossnmo
1299 1855 1686 1924 Tummimo.

197 1983 699 2046 Senatusconsulto
733 1981 1096 2045 Trebelliano
1138 1988 1503 2061 prospectum
1532 1989 1617 2040 est
1639 2025 1657 2052 ,
1704 1985 1781 2042 ne
1806 1981 1963 2044 solus

103 2081 282 2141 heres
318 2079 588 2141 omnibus
629 2077 986 2138 hereditariis
1031 2073 1351 2136 actionibus
1396 2082 1701 2146 ouer-etun
1748 2083 1804 2136 et
1832 2075 1963 2138 ideo

103 2181 340 2260 quoties
365 2176 649 2237 hereditas
677 2195 746 2236 ex
773 2193 946 2234 causa
971 2170 1393 2232 fideicommissi
1423 2170 1762 2244 restituitur,
1784 2174 1965 2232 aetio-

102 2291 220 2334 nes
243 2274 372 2352 ejus
401 2275 460 2332 in
489 2269 624 2330 fidei
659 2269 1118 2330 commissarium
1147 2263 1612 2338 transferuntur,
1648 2265 1785 2347 quia
1834 2268 1963 2326 uui-

101 2368 326 2448 cuique
349 2366 686 2427 damnosam
703 2382 825 2423 esse
845 2361 1016 2421 tidem
1047 2378 1209 2418 suam
1240 2377 1357 2418 non
1397 2363 1637 2438 oportet.

397 2529 527 2610 Trr„
557 2528 656 2588 111.
701 2527 784 2586 Du
824 2541 1305 2588 sauawscousumo
1348 2521 1667 2582 Psuasmxo.

203 2657 262 2708 1.
292 2645 445 2706 Inter
470 2642 739 2704 heredem
755 2652 808 2702 et
828 2640 1421 2706 fideicommissarium
1438 2640 1529 2698 cui
1556 2657 1625 2698 ex
1647 2637 1963 2719 Pegasiano

97 2740 402 2804 hereditas
429 2739 768 2807 restituitur,
810 2736 987 2816 partis
1025 2719 1080 2794 et
1115 2755 1223 2816 pro
1251 2741 1413 2815 parte
1445 2731 1737 2812 stipulatio
1780 2733 1963 2794 inter-

100 2835 388 2917 ponitur,
419 2840 480 2893 ut
506 2829 700 2890 heredi
729 2829 984 2888 instituto
1013 2846 1120 2908 pro
1143 2834 1347 2907 quarta
1373 2825 1653 2902 actiones,
1681 2843 1786 2904 pro
1810 2833 1965 2886 cete-

99 2933 190 2992 ris
225 2947 363 2988 vero
389 2923 747 3007 portionibus
773 2922 1298 2985 fideicommissario
1318 2926 1659 2999 competant.
1743 2930 1813 2982 9.
1846 2921 1965 2981 Το-

98 3035 232 3084 tam
269 3019 641 3080 hereditatem
668 3019 962 3078 restituere
1004 3023 1235 3096 rogatus
1256 3057 1272 3086 ,
1316 3013 1364 3070 si
1410 3020 1675 3092 quartam
1718 3013 1963 3074 retinere

97 3116 290 3186 nolit,
325 3114 508 3194 magis
543 3122 626 3172 est
652 3121 716 3172 ut
742 3131 868 3172 eam
899 3131 968 3170 ex
991 3107 1353 3168 Trebelliano
1384 3103 1585 3164 debeat
1618 3108 1917 3168 restituere
1945 3129 1960 3166 ε

101 3223 256 3272 tunc
283 3210 444 3268 enim
485 3227 682 3267 omnes
717 3205 966 3266 actiones
999 3203 1062 3262 in
1103 3200 1695 3262 fideicommissariam
1732 3200 1995 3264 dantur‚'

101 3315 176 3367 8.
224 3303 344 3363 Lex
372 3299 650 3374 Falcidia,
690 3301 939 3378 itemque
969 3292 1526 3358 senatusconsultum
1552 3291 1960 3375 Pegasianum,

1611 3389 1681 3444 ⁴5
