2292 3684
0 79 82 120 ετ.
123 82 174 120 ι.
205 83 267 134 ιι,
307 82 357 121 τ.
393 82 472 123 ιιι.
515 85 621 125 rsa
645 84 786 134 Quas
817 86 970 127 raas.
999 87 1125 127 Non.
1158 79 1381 136 Anovra.
1424 75 1529 131 205

3 179 105 218 uos
150 162 207 218 in
251 170 519 242 potestate
563 164 869 237 habemus3
914 168 1048 225 item
1094 187 1198 247 per
1241 187 1430 225 servos
1465 170 1525 227 in

0 254 353 317 ¹‚umt'ructum
384 257 684 330 habemus;
722 263 853 320 item
884 282 987 339 per
1024 261 1284 320 homines
1315 260 1525 323 liberos

0 345 204 407 alienos
234 370 372 429 quos
417 351 571 411 bona
607 352 716 412 fide
763 353 1113 433 possidemus
1149 376 1162 411 ε
1206 354 1274 414 de
1315 353 1521 435 quibus

0 440 281 522 iligentius
310 443 692 524 dispiciamus.

0 648 49 685 ιι·
74 627 237 688 liberi
262 633 438 690 nostri
466 630 755 711 utriusque
783 652 967 707 sexus,
992 653 1133 712 quos
1161 601 1220 691 in
1250 641 1521 713 potestate

6 721 143 781 olim
175 725 401 804 quidem
426 726 699 807 quidquid
720 726 791 786 ad
816 747 907 786 eos
936 734 1296 806 pervenerat,
1321 747 1521 807 excep-

0 824 35 873 n
62 819 440 878 castrensibus
472 818 731 899 peculiis,
760 819 867 879 hoc
904 820 1234 900 parentibus
1262 822 1376 880 suis
1416 820 1521 879 ad-
1573 824 1617 859 ν’

25 912 146 969 sine
184 910 297 970 ulla
337 912 709 973 distinctione.
744 915 811 973 Et
847 913 955 974 hoc
983 916 1060 974 ita
1090 924 1391 996 parentum
1417 913 1521 998 {ie-

0 1012 69 1061 tet
101 1006 179 1062 eis
203 1003 445 1076 licentia,
481 1006 628 1087 quod
660 1026 763 1085 per
793 1026 970 1065 unum
1000 1006 1087 1066 vel
1114 1027 1289 1066 uuam
1323 1016 1521 1067 eorum

0 1115 26 1154 u
56 1106 165 1167 est,
197 1097 294 1156 atii
325 1098 442 1158 fitio
478 1098 563 1158 vel
608 1108 875 1161 extraneo
904 1101 1115 1161 donare
1145 1099 1232 1160 vel
1278 1099 1521 1160 vendere

5 1209 174 1269 mque
207 1192 395 1264 modo,
431 1191 737 1273 adplicare.

0 1280 122 1341 obis
141 1284 518 1344 inhumanum
541 1288 722 1345 visum
747 1294 829 1345 est
856 1293 927 1357 et,
958 1284 1209 1368 generali
1240 1287 1513 1344 constitu-

0 1378 217 1449 amissa,
250 1386 305 1436 et
340 1376 534 1438 liberis
565 1382 947 1460 pepercimus,
985 1389 1038 1438 et
1069 1379 1326 1460 patribus
1352 1378 1517 1439 debi—

0 1472 274 1530 vavimus.
322 1471 614 1532 Sancitum
656 1475 863 1532 etenim
910 1494 943 1531 a
982 1473 1147 1532 nobis
1194 1482 1303 1545 est,
1341 1482 1428 1543 ut,
1468 1475 1517 1531 si

0 1583 23 1623 e
64 1566 243 1645 patris
279 1568 328 1626 ei
375 1566 665 1639 obveniat,
711 1567 817 1628 hoc
866 1567 1178 1627 secundum
1225 1568 1517 1647 antiquam

0 1677 127 1717 nem
160 1669 339 1719 totum
368 1663 588 1740 parenti
626 1661 925 1742 adquirat:
963 1680 1085 1742 quoe
1120 1661 1272 1719 enim
1306 1658 1517 1716 invidia

0 1772 68 1811 ex
98 1741 283 1832 patris⁸
301 1757 592 1814 occasione
621 1754 935 1834 profectum
975 1764 1084 1826 est,
1129 1753 1237 1813 hoc
1275 1751 1346 1811 ad
1383 1771 1513 1838 eum

0 1847 102 1906 uod
130 1858 319 1908 autem
358 1870 425 1908 ex
466 1848 578 1908 alia
617 1868 786 1909 causa
829 1850 938 1909 sibi
974 1848 1370 1908 filiusfamilias
1409 1848 1513 1907 ad-

0 1941 138 2020 ujus
178 1944 594 2003 usumfructum
626 1943 851 2025 quidem
892 1945 1036 2023 patri
1077 1944 1368 2022 adquirat,
1416 1941 1515 2003 do-

0 2046 162 2096 utem
216 2039 369 2118 apud
416 2060 545 2099 eum
589 2049 909 2113 remaneat,
964 2060 1033 2098 ne
1093 2038 1243 2119 quod
1300 2039 1350 2097 ei
1397 2029 1509 2096 s’uis

0 2130 81 2189 vei
110 2151 384 2213 prospera
405 2133 634 2194 fortuna
664 2136 915 2204 accessit,
944 2132 1052 2192 hoc
1073 2131 1144 2190 ad
1173 2130 1350 2190 atium
1380 2150 1509 2211 per-

0 2233 250 2284 ctuosum
279 2227 329 2285 ei
359 2227 639 2307 procedat.

8 2338 235 2399 quoque
266 2340 298 2378 a
327 2318 493 2379 nobis
519 2320 867 2401 dispositum
904 2327 986 2378 est
1028 2327 1082 2378 et
1115 2320 1178 2377 in
1221 2338 1289 2378 ea
1324 2318 1506 2398 specie

0 2430 41 2483 ι,
74 2412 484 2491 emancipando
520 2411 763 2472 liberum
794 2431 860 2471 ex
898 2410 1070 2471 rebus
1100 2432 1245 2492 quoe·
1252 2411 1509 2490 adquisi-

0 2508 220 2586 ugiunt,
252 2507 359 2567 sibi
396 2509 619 2566 tertiam
650 2516 893 2588 partem,
934 2509 1202 2578 retinere,
1236 2508 1282 2565 si
1310 2504 1506 2564 volue-

0 2600 123 2657 :iam
170 2619 237 2658 ex
275 2600 650 2659 anterioribus
696 2600 1190 2659 constitutionibus
1227 2598 1501 2671 habebat,

21 2696 203 2772 pretio
245 2694 660 2775 quodammodo
703 2695 1196 2773 emancipationis3
1233 2702 1285 2751 et
1330 2690 1505 2750 inim-2

0 2786 208 2846 iiddam
245 2788 556 2861 accidebat,
594 2798 655 2847 ut
695 2787 845 2847 filius
885 2788 1076 2847 'rerum
1119 2806 1380 2856 suarum,
1435 2806 1501 2845 ex

0 2883 283 2961 :ipatione,
316 2881 567 2942 dominio
600 2903 702 2963 pro
739 2891 897 2962 parte
924 2884 1089 2941 tertia
1116 2880 1497 2951 defraudetur,

0 2978 184 3035 enoris
223 2978 273 3036 ei
310 2998 377 3036 ex
417 2978 867 3056 emancipatione
906 2976 1158 3035 additum
1196 2984 1309 3046 est,
1351 2975 1501 3056 quod

0 3069 213 3130 tffectus
260 3067 367 3146 est,
402 3071 510 3132 hoc
549 3091 651 3152 per
686 3092 876 3131 rerum
916 3071 1362 3131 deminutionem
1399 3069 1501 3128 de-

0 3281 49 3332 :.,
81 3282 142 3323 Dc
166 3276 267 3325 bon.
296 3292 396 3341 quoe
419 3276 545 3325 liber.
573 3276 663 3337 (vr,
691 3269 796 3337 61).v
1153 3350 1173 3402 ⁴

1187 3352 1217 3404 2
