<?xml version="1.0" encoding="UTF-8"?>
<!DOCTYPE html PUBLIC "-//W3C//DTD XHTML 1.0 Transitional//EN"
    "http://www.w3.org/TR/xhtml1/DTD/xhtml1-transitional.dtd">
<html xmlns="http://www.w3.org/1999/xhtml" xml:lang="en" lang="en">
 <head>
  <title>
</title>
<meta http-equiv="Content-Type" content="text/html;charset=utf-8" />
  <meta name='ocr-system' content='tesseract 3.04.00' />
  <meta name='ocr-capabilities' content='ocr_page ocr_carea ocr_par ocr_line ocrx_word'/>
</head>
<body>
  <div class='ocr_page' id='page_1' title='image "./manualejurissyn00paulgoog_0349.png"; bbox 0 0 2292 3684; ppageno 0'>
   <div class='ocr_carea' id='block_1_1' title="bbox 172 96 1892 161">
    <p class='ocr_par' dir='ltr' id='par_1_1' title="bbox 172 96 1892 161">
     <span class='ocr_line' id='line_1_1' title="bbox 172 96 1892 161; baseline 0.005 -16"><span class='ocrx_word' id='word_1_1' title='bbox 172 102 301 145; x_wconf 72' lang='lat' dir='ltr'><strong>sust.</strong></span> <span class='ocrx_word' id='word_1_2' title='bbox 329 102 475 145; x_wconf 69' lang='lat' dir='ltr'><strong>iser.</strong></span> <span class='ocrx_word' id='word_1_3' title='bbox 514 104 563 151; x_wconf 76' lang='grc' dir='ltr'><strong>ι.</strong></span> <span class='ocrx_word' id='word_1_4' title='bbox 590 106 677 161; x_wconf 80' lang='grc' dir='ltr'><strong>ιιι,</strong></span> <span class='ocrx_word' id='word_1_5' title='bbox 716 106 771 147; x_wconf 78' lang='grc' dir='ltr'><strong>τ.</strong></span> <span class='ocrx_word' id='word_1_6' title='bbox 804 107 844 147; x_wconf 84' lang='lat'><strong>1.</strong></span> <span class='ocrx_word' id='word_1_7' title='bbox 884 106 959 149; x_wconf 71' lang='lat' dir='ltr'><strong>aa</strong></span> <span class='ocrx_word' id='word_1_8' title='bbox 984 106 1250 149; x_wconf 69' lang='lat' dir='ltr'><strong>asason.</strong></span> <span class='ocrx_word' id='word_1_9' title='bbox 1283 106 1356 152; x_wconf 68' lang='lat' dir='ltr'>u</span> <span class='ocrx_word' id='word_1_10' title='bbox 1385 104 1710 151; x_wconf 68' lang='lat' dir='ltr'><strong>murato.</strong></span> <span class='ocrx_word' id='word_1_11' title='bbox 1786 96 1892 153; x_wconf 72' lang='lat'><strong>³59</strong></span> 
     </span>
    </p>
   </div>
   <div class='ocr_carea' id='block_1_2' title="bbox 103 205 1938 3371">
    <p class='ocr_par' dir='ltr' id='par_1_2' title="bbox 104 205 1894 845">
     <span class='ocr_line' id='line_1_2' title="bbox 116 205 1893 290; baseline 0.004 -28"><span class='ocrx_word' id='word_1_12' title='bbox 116 205 243 264; x_wconf 78' lang='lat' dir='ltr'><strong>suerit</strong></span> <span class='ocrx_word' id='word_1_13' title='bbox 269 214 645 285; x_wconf 78' lang='lat' dir='ltr'><strong>postmortem</strong></span> <span class='ocrx_word' id='word_1_14' title='bbox 676 210 785 279; x_wconf 78' lang='lat' dir='ltr'><strong>avi,</strong></span> <span class='ocrx_word' id='word_1_15' title='bbox 818 219 1039 269; x_wconf 83' lang='lat' dir='ltr'><strong>mortuo</strong></span> <span class='ocrx_word' id='word_1_16' title='bbox 1066 218 1226 290; x_wconf 83' lang='lat' dir='ltr'><strong>petre</strong></span> <span class='ocrx_word' id='word_1_17' title='bbox 1251 228 1380 281; x_wconf 83' lang='lat' dir='ltr'><strong>suo,</strong></span> <span class='ocrx_word' id='word_1_18' title='bbox 1413 207 1741 289; x_wconf 70' lang='lat' dir='ltr'><strong>desen-toque</strong></span> <span class='ocrx_word' id='word_1_19' title='bbox 1759 230 1893 290; x_wconf 85' lang='lat' dir='ltr'><strong>pos-</strong></span> 
     </span>
     <span class='ocr_line' id='line_1_3' title="bbox 114 300 1892 381; baseline 0.004 -26"><span class='ocrx_word' id='word_1_20' title='bbox 114 308 177 356; x_wconf 75' lang='lat' dir='ltr'><strong>tea</strong></span> <span class='ocrx_word' id='word_1_21' title='bbox 196 302 271 355; x_wconf 79' lang='lat' dir='ltr'><strong>avi</strong></span> <span class='ocrx_word' id='word_1_22' title='bbox 298 308 651 373; x_wconf 81' lang='lat' dir='ltr'><strong>testamento,</strong></span> <span class='ocrx_word' id='word_1_23' title='bbox 684 320 821 360; x_wconf 81' lang='lat' dir='ltr'><strong>suus</strong></span> <span class='ocrx_word' id='word_1_24' title='bbox 846 300 1007 361; x_wconf 79' lang='lat' dir='ltr'><strong>heres</strong></span> <span class='ocrx_word' id='word_1_25' title='bbox 1034 321 1147 361; x_wconf 86' lang='lat' dir='ltr'><strong>non</strong></span> <span class='ocrx_word' id='word_1_26' title='bbox 1179 303 1392 373; x_wconf 75' lang='lat' dir='ltr'><strong>existit,</strong></span> <span class='ocrx_word' id='word_1_27' title='bbox 1424 302 1556 381; x_wconf 84' lang='lat' dir='ltr'><strong>quia</strong></span> <span class='ocrx_word' id='word_1_28' title='bbox 1585 300 1744 362; x_wconf 83' lang='lat' dir='ltr'><strong>nuno</strong></span> <span class='ocrx_word' id='word_1_29' title='bbox 1763 304 1892 381; x_wconf 82' lang='lat' dir='ltr'><strong>jure</strong></span> 
     </span>
     <span class='ocr_line' id='line_1_4' title="bbox 113 392 1894 475; baseline 0.003 -26"><span class='ocrx_word' id='word_1_30' title='bbox 113 395 411 470; x_wconf 73' lang='lat' dir='ltr'><strong>cognationis</strong></span> <span class='ocrx_word' id='word_1_31' title='bbox 440 402 661 475; x_wconf 82' lang='lat' dir='ltr'><strong>patrem</strong></span> <span class='ocrx_word' id='word_1_32' title='bbox 694 397 781 453; x_wconf 84' lang='lat' dir='ltr'><strong>sui</strong></span> <span class='ocrx_word' id='word_1_33' title='bbox 812 396 987 475; x_wconf 82' lang='lat' dir='ltr'><strong>patris</strong></span> <span class='ocrx_word' id='word_1_34' title='bbox 1014 396 1192 475; x_wconf 76' lang='lat' dir='ltr'><strong>tetigit</strong></span> <span class='ocrx_word' id='word_1_35' title='bbox 1218 395 1347 454; x_wconf 56' lang='lat' dir='ltr'><strong>:wic</strong></span> <span class='ocrx_word' id='word_1_36' title='bbox 1373 413 1478 453; x_wconf 83' lang='lat' dir='ltr'><strong>nec</strong></span> <span class='ocrx_word' id='word_1_37' title='bbox 1505 392 1599 453; x_wconf 77' lang='lat' dir='ltr'><strong>itte</strong></span> <span class='ocrx_word' id='word_1_38' title='bbox 1633 404 1716 455; x_wconf 84' lang='lat' dir='ltr'><strong>est</strong></span> <span class='ocrx_word' id='word_1_39' title='bbox 1745 397 1894 455; x_wconf 84' lang='lat' dir='ltr'><strong>inter</strong></span> 
     </span>
     <span class='ocr_line' id='line_1_5' title="bbox 108 482 1892 567; baseline 0.005 -28"><span class='ocrx_word' id='word_1_40' title='bbox 108 482 273 543; x_wconf 73' lang='lat' dir='ltr'><strong>liberos</strong></span> <span class='ocrx_word' id='word_1_41' title='bbox 295 486 407 559; x_wconf 83' lang='lat' dir='ltr'><strong>avi,</strong></span> <span class='ocrx_word' id='word_1_42' title='bbox 442 506 615 567; x_wconf 86' lang='lat' dir='ltr'><strong>quem</strong></span> <span class='ocrx_word' id='word_1_43' title='bbox 656 486 807 546; x_wconf 84' lang='lat' dir='ltr'><strong>filius</strong></span> <span class='ocrx_word' id='word_1_44' title='bbox 832 489 1220 567; x_wconf 82' lang='lat' dir='ltr'><strong>emancipatus</strong></span> <span class='ocrx_word' id='word_1_45' title='bbox 1262 485 1641 566; x_wconf 83' lang='lat' dir='ltr'><strong>adoptaverat.</strong></span> <span class='ocrx_word' id='word_1_46' title='bbox 1675 486 1748 547; x_wconf 83' lang='lat' dir='ltr'>ffl</span> <span class='ocrx_word' id='word_1_47' title='bbox 1785 508 1892 548; x_wconf 82' lang='lat' dir='ltr'><strong>au·-</strong></span> 
     </span>
     <span class='ocr_line' id='line_1_6' title="bbox 110 578 1890 663; baseline 0.003 -26"><span class='ocrx_word' id='word_1_48' title='bbox 110 588 213 649; x_wconf 85' lang='lat' dir='ltr'><strong>tem,</strong></span> <span class='ocrx_word' id='word_1_49' title='bbox 240 599 359 639; x_wconf 85' lang='lat' dir='ltr'><strong>cum</strong></span> <span class='ocrx_word' id='word_1_50' title='bbox 390 600 521 641; x_wconf 70' lang='lat' dir='ltr'><strong>non</strong></span> <span class='ocrx_word' id='word_1_51' title='bbox 558 582 671 641; x_wconf 82' lang='lat' dir='ltr'><strong>sint</strong></span> <span class='ocrx_word' id='word_1_52' title='bbox 714 590 991 663; x_wconf 85' lang='lat' dir='ltr'><strong>quantum</strong></span> <span class='ocrx_word' id='word_1_53' title='bbox 1026 578 1097 639; x_wconf 89' lang='lat' dir='ltr'><strong>ad</strong></span> <span class='ocrx_word' id='word_1_54' title='bbox 1141 580 1512 641; x_wconf 75' lang='lat' dir='ltr'><strong>hereditatem</strong></span> <span class='ocrx_word' id='word_1_55' title='bbox 1549 579 1746 653; x_wconf 84' lang='lat' dir='ltr'><strong>liberi,</strong></span> <span class='ocrx_word' id='word_1_56' title='bbox 1786 596 1890 642; x_wconf 83' lang='lat' dir='ltr'><strong>ne-</strong></span> 
     </span>
     <span class='ocr_line' id='line_1_7' title="bbox 104 670 1893 755; baseline 0.002 -26"><span class='ocrx_word' id='word_1_57' title='bbox 104 690 187 750; x_wconf 79' lang='lat' dir='ltr'><strong>que</strong></span> <span class='ocrx_word' id='word_1_58' title='bbox 208 670 475 733; x_wconf 82' lang='lat' dir='ltr'><strong>bonorum</strong></span> <span class='ocrx_word' id='word_1_59' title='bbox 504 675 931 755; x_wconf 77' lang='lat' dir='ltr'><strong>possessionem</strong></span> <span class='ocrx_word' id='word_1_60' title='bbox 955 682 1147 754; x_wconf 85' lang='lat' dir='ltr'><strong>petere</strong></span> <span class='ocrx_word' id='word_1_61' title='bbox 1185 682 1422 755; x_wconf 75' lang='lat' dir='ltr'><strong>possunt</strong></span> <span class='ocrx_word' id='word_1_62' title='bbox 1456 674 1618 753; x_wconf 80' lang='lat' dir='ltr'><strong>quasi</strong></span> <span class='ocrx_word' id='word_1_63' title='bbox 1647 675 1893 754; x_wconf 80' lang='lat' dir='ltr'><strong>proximi</strong></span> 
     </span>
     <span class='ocr_line' id='line_1_8' title="bbox 110 768 302 845; baseline 0.021 -22"><span class='ocrx_word' id='word_1_64' title='bbox 110 768 302 845; x_wconf 69' lang='lat' dir='ltr'><strong>cognati.</strong></span> 
     </span>
    </p>

    <p class='ocr_par' dir='ltr' id='par_1_3' title="bbox 162 859 1676 933">
     <span class='ocr_line' id='line_1_9' title="bbox 162 859 1676 933; baseline 0.004 -16"><span class='ocrx_word' id='word_1_65' title='bbox 162 859 269 919; x_wconf 75' lang='lat' dir='ltr'><strong>Haee</strong></span> <span class='ocrx_word' id='word_1_66' title='bbox 293 860 361 920; x_wconf 86' lang='lat' dir='ltr'><strong>de</strong></span> <span class='ocrx_word' id='word_1_67' title='bbox 382 863 503 921; x_wconf 77' lang='lat' dir='ltr'><strong>auis</strong></span> <span class='ocrx_word' id='word_1_68' title='bbox 518 859 844 921; x_wconf 79' lang='lat' dir='ltr'><strong>heredibus.</strong></span> <span class='ocrx_word' id='word_1_69' title='bbox 1661 924 1676 933; x_wconf 71' lang='grc'>,</span> 
     </span>
    </p>

    <p class='ocr_par' dir='ltr' id='par_1_4' title="bbox 103 952 1892 2059">
     <span class='ocr_line' id='line_1_10' title="bbox 162 952 1888 1037; baseline 0.002 -25"><span class='ocrx_word' id='word_1_70' title='bbox 162 963 211 1013; x_wconf 73' lang='grc'><strong>9.</strong></span> <span class='ocrx_word' id='word_1_71' title='bbox 239 956 589 1037; x_wconf 83' lang='lat' dir='ltr'><strong>Emancipati</strong></span> <span class='ocrx_word' id='word_1_72' title='bbox 633 963 822 1015; x_wconf 85' lang='lat' dir='ltr'><strong>autem</strong></span> <span class='ocrx_word' id='word_1_73' title='bbox 860 952 1026 1013; x_wconf 80' lang='lat' dir='ltr'><strong>liberi</strong></span> <span class='ocrx_word' id='word_1_74' title='bbox 1054 956 1188 1035; x_wconf 83' lang='lat' dir='ltr'><strong>jure</strong></span> <span class='ocrx_word' id='word_1_75' title='bbox 1228 954 1376 1014; x_wconf 75' lang='lat' dir='ltr'><strong>civili</strong></span> <span class='ocrx_word' id='word_1_76' title='bbox 1411 955 1558 1015; x_wconf 84' lang='lat' dir='ltr'><strong>nihil</strong></span> <span class='ocrx_word' id='word_1_77' title='bbox 1591 956 1738 1036; x_wconf 75' lang='lat' dir='ltr'><strong>juris</strong></span> <span class='ocrx_word' id='word_1_78' title='bbox 1777 954 1888 1015; x_wconf 79' lang='lat' dir='ltr'><strong>ha-</strong></span> 
     </span>
     <span class='ocr_line' id='line_1_11' title="bbox 104 1042 1888 1129; baseline 0.005 -29"><span class='ocrx_word' id='word_1_79' title='bbox 104 1042 241 1103; x_wconf 80' lang='lat' dir='ltr'><strong>bent:</strong></span> <span class='ocrx_word' id='word_1_80' title='bbox 273 1066 455 1127; x_wconf 83' lang='lat' dir='ltr'><strong>neque</strong></span> <span class='ocrx_word' id='word_1_81' title='bbox 498 1049 659 1107; x_wconf 86' lang='lat' dir='ltr'><strong>enim</strong></span> <span class='ocrx_word' id='word_1_82' title='bbox 705 1050 807 1107; x_wconf 76' lang='lat' dir='ltr'><strong>sui.</strong></span> <span class='ocrx_word' id='word_1_83' title='bbox 838 1045 1073 1107; x_wconf 83' lang='lat' dir='ltr'><strong>heredes</strong></span> <span class='ocrx_word' id='word_1_84' title='bbox 1120 1055 1281 1120; x_wconf 80' lang='lat' dir='ltr'><strong>sunt,</strong></span> <span class='ocrx_word' id='word_1_85' title='bbox 1331 1050 1468 1129; x_wconf 85' lang='lat' dir='ltr'><strong>quia</strong></span> <span class='ocrx_word' id='word_1_86' title='bbox 1513 1050 1572 1107; x_wconf 84' lang='lat' dir='ltr'><strong>in</strong></span> <span class='ocrx_word' id='word_1_87' title='bbox 1619 1059 1888 1129; x_wconf 77' lang='lat' dir='ltr'><strong>potestate</strong></span> 
     </span>
     <span class='ocr_line' id='line_1_12' title="bbox 106 1140 1886 1223; baseline 0.004 -29"><span class='ocrx_word' id='word_1_88' title='bbox 106 1142 305 1215; x_wconf 81' lang='lat' dir='ltr'><strong>parentis</strong></span> <span class='ocrx_word' id='word_1_89' title='bbox 342 1160 463 1201; x_wconf 78' lang='lat' dir='ltr'><strong>esse</strong></span> <span class='ocrx_word' id='word_1_90' title='bbox 505 1140 833 1213; x_wconf 79' lang='lat' dir='ltr'><strong>desierunt,</strong></span> <span class='ocrx_word' id='word_1_91' title='bbox 868 1160 1051 1222; x_wconf 82' lang='lat' dir='ltr'><strong>neque</strong></span> <span class='ocrx_word' id='word_1_92' title='bbox 1092 1140 1208 1201; x_wconf 81' lang='lat' dir='ltr'><strong>ullo</strong></span> <span class='ocrx_word' id='word_1_93' title='bbox 1256 1140 1368 1201; x_wconf 84' lang='lat' dir='ltr'><strong>alio</strong></span> <span class='ocrx_word' id='word_1_94' title='bbox 1399 1143 1530 1220; x_wconf 81' lang='lat' dir='ltr'><strong>jure</strong></span> <span class='ocrx_word' id='word_1_95' title='bbox 1569 1160 1672 1222; x_wconf 82' lang='lat' dir='ltr'><strong>per</strong></span> <span class='ocrx_word' id='word_1_96' title='bbox 1703 1140 1886 1223; x_wconf 81' lang='lat' dir='ltr'><strong>legem</strong></span> 
     </span>
     <span class='ocr_line' id='line_1_13' title="bbox 103 1228 1888 1315; baseline 0.004 -29"><span class='ocrx_word' id='word_1_97' title='bbox 103 1228 343 1291; x_wconf 78' lang='lat' dir='ltr'><strong>duodecim</strong></span> <span class='ocrx_word' id='word_1_98' title='bbox 367 1234 703 1295; x_wconf 77' lang='lat' dir='ltr'><strong>tabularum</strong></span> <span class='ocrx_word' id='word_1_99' title='bbox 734 1245 1017 1295; x_wconf 79' lang='lat' dir='ltr'><strong>vocantur.</strong></span> <span class='ocrx_word' id='word_1_100' title='bbox 1052 1234 1160 1294; x_wconf 86' lang='lat' dir='ltr'><strong>Sed</strong></span> <span class='ocrx_word' id='word_1_101' title='bbox 1188 1242 1413 1315; x_wconf 79' lang='lat' dir='ltr'><strong>praetor,</strong></span> <span class='ocrx_word' id='word_1_102' title='bbox 1445 1234 1694 1307; x_wconf 76' lang='lat' dir='ltr'><strong>naturali</strong></span> <span class='ocrx_word' id='word_1_103' title='bbox 1715 1238 1888 1315; x_wconf 78' lang='lat' dir='ltr'><strong>oequi-</strong></span> 
     </span>
     <span class='ocr_line' id='line_1_14' title="bbox 108 1326 1884 1407; baseline 0.005 -26"><span class='ocrx_word' id='word_1_104' title='bbox 108 1332 187 1383; x_wconf 74' lang='lat' dir='ltr'><strong>tate</strong></span> <span class='ocrx_word' id='word_1_105' title='bbox 222 1336 419 1400; x_wconf 82' lang='lat' dir='ltr'><strong>motus,</strong></span> <span class='ocrx_word' id='word_1_106' title='bbox 462 1327 564 1388; x_wconf 85' lang='lat' dir='ltr'><strong>dat</strong></span> <span class='ocrx_word' id='word_1_107' title='bbox 605 1330 687 1387; x_wconf 85' lang='lat' dir='ltr'><strong>eis</strong></span> <span class='ocrx_word' id='word_1_108' title='bbox 726 1326 1009 1387; x_wconf 84' lang='lat' dir='ltr'><strong>bonorum</strong></span> <span class='ocrx_word' id='word_1_109' title='bbox 1049 1329 1465 1407; x_wconf 75' lang='lat' dir='ltr'><strong>possessionem</strong></span> <span class='ocrx_word' id='word_1_110' title='bbox 1504 1346 1645 1388; x_wconf 68' lang='lat' dir='ltr'><strong>unns</strong></span> <span class='ocrx_word' id='word_1_111' title='bbox 1683 1346 1884 1401; x_wconf 63' lang='lat' dir='ltr'><strong>tinent,</strong></span> 
     </span>
     <span class='ocr_line' id='line_1_15' title="bbox 104 1418 1888 1501; baseline 0.004 -26"><span class='ocrx_word' id='word_1_112' title='bbox 104 1418 289 1495; x_wconf 79' lang='lat' dir='ltr'><strong>perinde</strong></span> <span class='ocrx_word' id='word_1_113' title='bbox 322 1442 387 1481; x_wconf 85' lang='lat' dir='ltr'><strong>ae</strong></span> <span class='ocrx_word' id='word_1_114' title='bbox 428 1423 476 1480; x_wconf 84' lang='lat' dir='ltr'><strong>si</strong></span> <span class='ocrx_word' id='word_1_115' title='bbox 520 1423 583 1480; x_wconf 83' lang='lat' dir='ltr'><strong>in</strong></span> <span class='ocrx_word' id='word_1_116' title='bbox 618 1429 888 1501; x_wconf 75' lang='lat' dir='ltr'><strong>potestate</strong></span> <span class='ocrx_word' id='word_1_117' title='bbox 924 1422 1177 1501; x_wconf 76' lang='lat' dir='ltr'><strong>parentis</strong></span> <span class='ocrx_word' id='word_1_118' title='bbox 1213 1430 1466 1499; x_wconf 77' lang='lat' dir='ltr'><strong>tempore</strong></span> <span class='ocrx_word' id='word_1_119' title='bbox 1509 1423 1708 1481; x_wconf 81' lang='lat' dir='ltr'><strong>mortis</strong></span> <span class='ocrx_word' id='word_1_120' title='bbox 1745 1421 1888 1482; x_wconf 82' lang='lat' dir='ltr'><strong>fuis·</strong></span> 
     </span>
     <span class='ocr_line' id='line_1_16' title="bbox 108 1511 1880 1585; baseline 0.004 -17"><span class='ocrx_word' id='word_1_121' title='bbox 108 1520 217 1581; x_wconf 79' lang='lat' dir='ltr'><strong>sent,</strong></span> <span class='ocrx_word' id='word_1_122' title='bbox 244 1514 350 1573; x_wconf 73' lang='lat' dir='ltr'><strong>sive</strong></span> <span class='ocrx_word' id='word_1_123' title='bbox 384 1512 489 1573; x_wconf 87' lang='lat' dir='ltr'><strong>soli</strong></span> <span class='ocrx_word' id='word_1_124' title='bbox 518 1514 665 1585; x_wconf 86' lang='lat' dir='ltr'><strong>sint,</strong></span> <span class='ocrx_word' id='word_1_125' title='bbox 712 1516 828 1574; x_wconf 77' lang='lat' dir='ltr'><strong>sive</strong></span> <span class='ocrx_word' id='word_1_126' title='bbox 865 1533 997 1573; x_wconf 86' lang='lat' dir='ltr'><strong>eum</strong></span> <span class='ocrx_word' id='word_1_127' title='bbox 1034 1514 1152 1573; x_wconf 77' lang='lat' dir='ltr'><strong>suis</strong></span> <span class='ocrx_word' id='word_1_128' title='bbox 1190 1511 1493 1573; x_wconf 80' lang='lat' dir='ltr'><strong>heredibus</strong></span> <span class='ocrx_word' id='word_1_129' title='bbox 1527 1524 1880 1575; x_wconf 79' lang='lat' dir='ltr'><strong>concurrant.</strong></span> 
     </span>
     <span class='ocr_line' id='line_1_17' title="bbox 106 1603 1890 1687; baseline 0.004 -26"><span class='ocrx_word' id='word_1_130' title='bbox 106 1603 250 1685; x_wconf 80' lang='lat' dir='ltr'><strong>{taque</strong></span> <span class='ocrx_word' id='word_1_131' title='bbox 272 1607 490 1668; x_wconf 77' lang='lat' dir='ltr'><strong>duobus</strong></span> <span class='ocrx_word' id='word_1_132' title='bbox 526 1606 729 1667; x_wconf 81' lang='lat' dir='ltr'><strong>liberis</strong></span> <span class='ocrx_word' id='word_1_133' title='bbox 754 1606 1105 1681; x_wconf 72' lang='lat' dir='ltr'><strong>extantibus,</strong></span> <span class='ocrx_word' id='word_1_134' title='bbox 1134 1607 1494 1687; x_wconf 87' lang='lat' dir='ltr'><strong>emancipato</strong></span> <span class='ocrx_word' id='word_1_135' title='bbox 1531 1618 1584 1666; x_wconf 86' lang='lat' dir='ltr'><strong>et</strong></span> <span class='ocrx_word' id='word_1_136' title='bbox 1624 1608 1724 1687; x_wconf 84' lang='lat' dir='ltr'><strong>qui</strong></span> <span class='ocrx_word' id='word_1_137' title='bbox 1752 1616 1890 1668; x_wconf 87' lang='lat' dir='ltr'><strong>tem·</strong></span> 
     </span>
     <span class='ocr_line' id='line_1_18' title="bbox 108 1700 1888 1783; baseline 0.003 -27"><span class='ocrx_word' id='word_1_138' title='bbox 108 1716 209 1775; x_wconf 82' lang='lat' dir='ltr'><strong>pore</strong></span> <span class='ocrx_word' id='word_1_139' title='bbox 232 1704 421 1761; x_wconf 76' lang='lat' dir='ltr'><strong>mortis</strong></span> <span class='ocrx_word' id='word_1_140' title='bbox 464 1704 525 1761; x_wconf 88' lang='lat' dir='ltr'><strong>in</strong></span> <span class='ocrx_word' id='word_1_141' title='bbox 578 1708 849 1782; x_wconf 77' lang='lat' dir='ltr'><strong>potestate</strong></span> <span class='ocrx_word' id='word_1_142' title='bbox 894 1700 1095 1770; x_wconf 82' lang='lat' dir='ltr'><strong>fuerit,</strong></span> <span class='ocrx_word' id='word_1_143' title='bbox 1144 1719 1282 1760; x_wconf 75' lang='lat' dir='ltr'><strong>sane</strong></span> <span class='ocrx_word' id='word_1_144' title='bbox 1317 1700 1547 1781; x_wconf 84' lang='lat' dir='ltr'><strong>quidem</strong></span> <span class='ocrx_word' id='word_1_145' title='bbox 1590 1702 1640 1761; x_wconf 78' lang='lat' dir='ltr'><strong>io</strong></span> <span class='ocrx_word' id='word_1_146' title='bbox 1685 1704 1784 1783; x_wconf 86' lang='lat' dir='ltr'><strong>qui</strong></span> <span class='ocrx_word' id='word_1_147' title='bbox 1827 1702 1888 1762; x_wconf 84' lang='lat' dir='ltr'><strong>in</strong></span> 
     </span>
     <span class='ocr_line' id='line_1_19' title="bbox 106 1791 1892 1884; baseline 0.004 -37"><span class='ocrx_word' id='word_1_148' title='bbox 106 1798 321 1867; x_wconf 77' lang='lat' dir='ltr'><strong>potestate</strong></span> <span class='ocrx_word' id='word_1_149' title='bbox 354 1793 561 1865; x_wconf 81' lang='lat' dir='ltr'><strong>fuerit,</strong></span> <span class='ocrx_word' id='word_1_150' title='bbox 596 1791 751 1851; x_wconf 80' lang='lat' dir='ltr'><strong>sotus</strong></span> <span class='ocrx_word' id='word_1_151' title='bbox 778 1794 911 1884; x_wconf 79' lang='lat' dir='ltr'><strong>jure</strong></span> <span class='ocrx_word' id='word_1_152' title='bbox 946 1791 1097 1852; x_wconf 79' lang='lat' dir='ltr'><strong>civili</strong></span> <span class='ocrx_word' id='word_1_153' title='bbox 1132 1792 1297 1853; x_wconf 83' lang='lat' dir='ltr'><strong>heres</strong></span> <span class='ocrx_word' id='word_1_154' title='bbox 1337 1800 1449 1865; x_wconf 86' lang='lat' dir='ltr'><strong>est,</strong></span> <span class='ocrx_word' id='word_1_155' title='bbox 1489 1791 1546 1851; x_wconf 92' lang='lat' dir='ltr'><strong>id</strong></span> <span class='ocrx_word' id='word_1_156' title='bbox 1585 1803 1694 1867; x_wconf 78' lang='lat' dir='ltr'><strong>est,</strong></span> <span class='ocrx_word' id='word_1_157' title='bbox 1737 1792 1892 1855; x_wconf 78' lang='lat' dir='ltr'><strong>solus</strong></span> 
     </span>
     <span class='ocr_line' id='line_1_20' title="bbox 111 1883 1887 1965; baseline 0.005 -26"><span class='ocrx_word' id='word_1_158' title='bbox 111 1900 206 1942; x_wconf 76' lang='lat' dir='ltr'><strong>suus</strong></span> <span class='ocrx_word' id='word_1_159' title='bbox 221 1884 367 1946; x_wconf 78' lang='lat' dir='ltr'><strong>heres</strong></span> <span class='ocrx_word' id='word_1_160' title='bbox 395 1896 505 1958; x_wconf 68' lang='grc' dir='ltr'><strong>θείς</strong></span> <span class='ocrx_word' id='word_1_161' title='bbox 540 1883 643 1945; x_wconf 78' lang='lat' dir='ltr'><strong>sed</strong></span> <span class='ocrx_word' id='word_1_162' title='bbox 670 1903 800 1945; x_wconf 84' lang='lat' dir='ltr'><strong>eum</strong></span> <span class='ocrx_word' id='word_1_163' title='bbox 827 1886 1218 1965; x_wconf 80' lang='lat' dir='ltr'><strong>emancipatus</strong></span> <span class='ocrx_word' id='word_1_164' title='bbox 1244 1883 1518 1944; x_wconf 82' lang='lat' dir='ltr'><strong>beneficio</strong></span> <span class='ocrx_word' id='word_1_165' title='bbox 1550 1888 1802 1965; x_wconf 79' lang='lat' dir='ltr'><strong>praetoris</strong></span> <span class='ocrx_word' id='word_1_166' title='bbox 1825 1890 1887 1947; x_wconf 84' lang='lat' dir='ltr'><strong>in</strong></span> 
     </span>
     <span class='ocr_line' id='line_1_21' title="bbox 108 1976 1882 2059; baseline 0.001 -22"><span class='ocrx_word' id='word_1_167' title='bbox 108 1986 276 2052; x_wconf 74' lang='lat' dir='ltr'><strong>partem</strong></span> <span class='ocrx_word' id='word_1_168' title='bbox 293 1979 627 2053; x_wconf 82' lang='lat' dir='ltr'><strong>admittitur,</strong></span> <span class='ocrx_word' id='word_1_169' title='bbox 654 1980 837 2038; x_wconf 79' lang='lat' dir='ltr'><strong>evenit</strong></span> <span class='ocrx_word' id='word_1_170' title='bbox 852 1988 915 2037; x_wconf 85' lang='lat' dir='ltr'><strong>ut</strong></span> <span class='ocrx_word' id='word_1_171' title='bbox 932 1998 1069 2038; x_wconf 79' lang='lat' dir='ltr'><strong>suus</strong></span> <span class='ocrx_word' id='word_1_172' title='bbox 1087 1976 1254 2039; x_wconf 79' lang='lat' dir='ltr'><strong>heres</strong></span> <span class='ocrx_word' id='word_1_173' title='bbox 1278 1998 1383 2059; x_wconf 86' lang='lat' dir='ltr'><strong>pro</strong></span> <span class='ocrx_word' id='word_1_174' title='bbox 1401 1988 1560 2059; x_wconf 84' lang='lat' dir='ltr'><strong>parte</strong></span> <span class='ocrx_word' id='word_1_175' title='bbox 1579 1978 1746 2037; x_wconf 84' lang='lat' dir='ltr'><strong>heres</strong></span> <span class='ocrx_word' id='word_1_176' title='bbox 1764 1978 1882 2039; x_wconf 85' lang='lat' dir='ltr'><strong>fiat.</strong></span> 
     </span>
    </p>

    <p class='ocr_par' dir='ltr' id='par_1_5' title="bbox 106 2070 1938 3371">
     <span class='ocr_line' id='line_1_22' title="bbox 164 2070 1888 2153; baseline 0.001 -23"><span class='ocrx_word' id='word_1_177' title='bbox 164 2080 257 2131; x_wconf 74' lang='grc' dir='ltr'><strong>ιο.</strong></span> <span class='ocrx_word' id='word_1_178' title='bbox 284 2070 353 2131; x_wconf 76' lang='lat' dir='ltr'><strong>At</strong></span> <span class='ocrx_word' id='word_1_179' title='bbox 384 2072 445 2145; x_wconf 83' lang='lat' dir='ltr'><strong>hi</strong></span> <span class='ocrx_word' id='word_1_180' title='bbox 487 2074 591 2153; x_wconf 88' lang='lat' dir='ltr'><strong>qui</strong></span> <span class='ocrx_word' id='word_1_181' title='bbox 630 2074 970 2151; x_wconf 78' lang='lat' dir='ltr'><strong>emancipati</strong></span> <span class='ocrx_word' id='word_1_182' title='bbox 996 2091 1031 2131; x_wconf 84' lang='lat' dir='ltr'><strong>a</strong></span> <span class='ocrx_word' id='word_1_183' title='bbox 1060 2080 1294 2152; x_wconf 70' lang='lat' dir='ltr'><strong>patente</strong></span> <span class='ocrx_word' id='word_1_184' title='bbox 1332 2073 1392 2132; x_wconf 88' lang='lat' dir='ltr'><strong>in</strong></span> <span class='ocrx_word' id='word_1_185' title='bbox 1428 2071 1790 2151; x_wconf 85' lang='lat' dir='ltr'><strong>adoptionem</strong></span> <span class='ocrx_word' id='word_1_186' title='bbox 1828 2091 1888 2131; x_wconf 83' lang='lat' dir='ltr'><strong>se</strong></span> 
     </span>
     <span class='ocr_line' id='line_1_23' title="bbox 107 2160 1886 2244; baseline 0.003 -27"><span class='ocrx_word' id='word_1_187' title='bbox 107 2160 351 2239; x_wconf 81' lang='lat' dir='ltr'><strong>dederunt,</strong></span> <span class='ocrx_word' id='word_1_188' title='bbox 380 2186 499 2227; x_wconf 86' lang='lat' dir='ltr'><strong>non</strong></span> <span class='ocrx_word' id='word_1_189' title='bbox 530 2164 904 2226; x_wconf 82' lang='lat' dir='ltr'><strong>admittuntur</strong></span> <span class='ocrx_word' id='word_1_190' title='bbox 922 2164 1001 2225; x_wconf 75' lang='lat' dir='ltr'><strong>ad</strong></span> <span class='ocrx_word' id='word_1_191' title='bbox 1028 2165 1184 2224; x_wconf 86' lang='lat' dir='ltr'><strong>bona</strong></span> <span class='ocrx_word' id='word_1_192' title='bbox 1211 2162 1485 2225; x_wconf 78' lang='lat' dir='ltr'><strong>naturalis</strong></span> <span class='ocrx_word' id='word_1_193' title='bbox 1519 2166 1694 2244; x_wconf 78' lang='lat' dir='ltr'><strong>patris</strong></span> <span class='ocrx_word' id='word_1_194' title='bbox 1725 2166 1886 2244; x_wconf 82' lang='lat' dir='ltr'><strong>quasi</strong></span> 
     </span>
     <span class='ocr_line' id='line_1_24' title="bbox 106 2250 1888 2337; baseline 0.005 -28"><span class='ocrx_word' id='word_1_195' title='bbox 106 2250 258 2329; x_wconf 81' lang='lat' dir='ltr'><strong>liberi,</strong></span> <span class='ocrx_word' id='word_1_196' title='bbox 298 2261 345 2317; x_wconf 79' lang='lat' dir='ltr'><strong>si</strong></span> <span class='ocrx_word' id='word_1_197' title='bbox 380 2258 582 2331; x_wconf 86' lang='lat' dir='ltr'><strong>modo,</strong></span> <span class='ocrx_word' id='word_1_198' title='bbox 624 2277 755 2318; x_wconf 83' lang='lat' dir='ltr'><strong>cum</strong></span> <span class='ocrx_word' id='word_1_199' title='bbox 795 2259 844 2317; x_wconf 83' lang='lat' dir='ltr'><strong>is</strong></span> <span class='ocrx_word' id='word_1_200' title='bbox 885 2268 1233 2327; x_wconf 83' lang='lat' dir='ltr'><strong>moreretur,</strong></span> <span class='ocrx_word' id='word_1_201' title='bbox 1271 2259 1332 2315; x_wconf 86' lang='lat' dir='ltr'><strong>iu</strong></span> <span class='ocrx_word' id='word_1_202' title='bbox 1373 2257 1639 2337; x_wconf 79' lang='lat' dir='ltr'><strong>adoptiva</strong></span> <span class='ocrx_word' id='word_1_203' title='bbox 1672 2257 1888 2319; x_wconf 79' lang='lat' dir='ltr'><strong>familia</strong></span> 
     </span>
     <span class='ocr_line' id='line_1_25' title="bbox 108 2348 1888 2432; baseline 0.004 -27"><span class='ocrx_word' id='word_1_204' title='bbox 108 2348 203 2421; x_wconf 79' lang='lat' dir='ltr'><strong>siot3</strong></span> <span class='ocrx_word' id='word_1_205' title='bbox 234 2371 358 2411; x_wconf 83' lang='lat' dir='ltr'><strong>uam</strong></span> <span class='ocrx_word' id='word_1_206' title='bbox 383 2355 509 2413; x_wconf 83' lang='lat' dir='ltr'><strong>vivo</strong></span> <span class='ocrx_word' id='word_1_207' title='bbox 538 2371 617 2418; x_wconf 82' lang='lat' dir='ltr'><strong>,eo</strong></span> <span class='ocrx_word' id='word_1_208' title='bbox 654 2353 997 2432; x_wconf 81' lang='lat' dir='ltr'><strong>emancipati</strong></span> <span class='ocrx_word' id='word_1_209' title='bbox 1037 2349 1112 2411; x_wconf 85' lang='lat' dir='ltr'><strong>ab</strong></span> <span class='ocrx_word' id='word_1_210' title='bbox 1140 2350 1404 2430; x_wconf 83' lang='lat' dir='ltr'><strong>adoptivo</strong></span> <span class='ocrx_word' id='word_1_211' title='bbox 1434 2362 1619 2430; x_wconf 78' lang='lat' dir='ltr'><strong>patre,</strong></span> <span class='ocrx_word' id='word_1_212' title='bbox 1651 2351 1888 2432; x_wconf 81' lang='lat' dir='ltr'><strong>perinde</strong></span> 
     </span>
     <span class='ocr_line' id='line_1_26' title="bbox 110 2440 1887 2526; baseline 0.004 -28"><span class='ocrx_word' id='word_1_213' title='bbox 110 2440 425 2506; x_wconf 76' lang='lat' dir='ltr'><strong>admittantur</strong></span> <span class='ocrx_word' id='word_1_214' title='bbox 450 2445 523 2506; x_wconf 85' lang='lat' dir='ltr'><strong>ad</strong></span> <span class='ocrx_word' id='word_1_215' title='bbox 553 2444 705 2505; x_wconf 84' lang='lat' dir='ltr'><strong>bona</strong></span> <span class='ocrx_word' id='word_1_216' title='bbox 733 2444 1009 2504; x_wconf 75' lang='lat' dir='ltr'><strong>naturalis</strong></span> <span class='ocrx_word' id='word_1_217' title='bbox 1027 2445 1228 2526; x_wconf 78' lang='lat' dir='ltr'><strong>patris,</strong></span> <span class='ocrx_word' id='word_1_218' title='bbox 1267 2462 1332 2503; x_wconf 85' lang='lat' dir='ltr'><strong>ae</strong></span> <span class='ocrx_word' id='word_1_219' title='bbox 1367 2444 1414 2502; x_wconf 87' lang='lat' dir='ltr'><strong>si</strong></span> <span class='ocrx_word' id='word_1_220' title='bbox 1447 2446 1786 2526; x_wconf 81' lang='lat' dir='ltr'><strong>emancipati</strong></span> <span class='ocrx_word' id='word_1_221' title='bbox 1814 2444 1887 2505; x_wconf 82' lang='lat' dir='ltr'><strong>ab</strong></span> 
     </span>
     <span class='ocr_line' id='line_1_27' title="bbox 106 2533 1889 2619; baseline 0.002 -24"><span class='ocrx_word' id='word_1_222' title='bbox 106 2533 197 2612; x_wconf 74' lang='lat' dir='ltr'><strong>ipso</strong></span> <span class='ocrx_word' id='word_1_223' title='bbox 219 2549 417 2613; x_wconf 79' lang='lat' dir='ltr'><strong>essent,</strong></span> <span class='ocrx_word' id='word_1_224' title='bbox 446 2558 553 2599; x_wconf 84' lang='lat' dir='ltr'><strong>nec</strong></span> <span class='ocrx_word' id='word_1_225' title='bbox 592 2558 847 2619; x_wconf 83' lang='lat' dir='ltr'><strong>unquam</strong></span> <span class='ocrx_word' id='word_1_226' title='bbox 888 2538 949 2596; x_wconf 85' lang='lat' dir='ltr'><strong>in</strong></span> <span class='ocrx_word' id='word_1_227' title='bbox 988 2538 1254 2617; x_wconf 82' lang='lat' dir='ltr'><strong>adoptiva</strong></span> <span class='ocrx_word' id='word_1_228' title='bbox 1293 2535 1508 2596; x_wconf 79' lang='lat' dir='ltr'><strong>familia</strong></span> <span class='ocrx_word' id='word_1_229' title='bbox 1545 2537 1804 2610; x_wconf 75' lang='lat' dir='ltr'><strong>fuissent3</strong></span> <span class='ocrx_word' id='word_1_230' title='bbox 1833 2548 1889 2599; x_wconf 85' lang='lat' dir='ltr'><strong>et</strong></span> 
     </span>
     <span class='ocr_line' id='line_1_28' title="bbox 109 2631 1905 2714; baseline 0.006 -29"><span class='ocrx_word' id='word_1_231' title='bbox 109 2633 476 2707; x_wconf 70' lang='lat' dir='ltr'><strong>convenienter,</strong></span> <span class='ocrx_word' id='word_1_232' title='bbox 509 2632 659 2714; x_wconf 83' lang='lat' dir='ltr'><strong>quod</strong></span> <span class='ocrx_word' id='word_1_233' title='bbox 688 2631 759 2692; x_wconf 83' lang='lat' dir='ltr'><strong>ad</strong></span> <span class='ocrx_word' id='word_1_234' title='bbox 788 2632 1117 2712; x_wconf 79' lang='lat' dir='ltr'><strong>adoptivum</strong></span> <span class='ocrx_word' id='word_1_235' title='bbox 1151 2638 1369 2712; x_wconf 81' lang='lat' dir='ltr'><strong>patrem</strong></span> <span class='ocrx_word' id='word_1_236' title='bbox 1407 2634 1676 2713; x_wconf 83' lang='lat' dir='ltr'><strong>pertinet,</strong></span> <span class='ocrx_word' id='word_1_237' title='bbox 1702 2644 1905 2701; x_wconf 48' lang='grc' dir='ltr'><strong>ειη-ειη</strong></span> 
     </span>
     <span class='ocr_line' id='line_1_29' title="bbox 111 2726 1884 2806; baseline 0.007 -29"><span class='ocrx_word' id='word_1_238' title='bbox 111 2740 297 2784; x_wconf 74' lang='lat' dir='ltr'><strong>neotum</strong></span> <span class='ocrx_word' id='word_1_239' title='bbox 337 2726 460 2788; x_wconf 85' lang='lat' dir='ltr'><strong>loeo</strong></span> <span class='ocrx_word' id='word_1_240' title='bbox 504 2746 625 2787; x_wconf 78' lang='lat' dir='ltr'><strong>esee</strong></span> <span class='ocrx_word' id='word_1_241' title='bbox 664 2727 963 2806; x_wconf 70' lang='lat' dir='ltr'><strong>incipiunt.</strong></span> <span class='ocrx_word' id='word_1_242' title='bbox 997 2726 1131 2785; x_wconf 85' lang='lat' dir='ltr'><strong>Post</strong></span> <span class='ocrx_word' id='word_1_243' title='bbox 1157 2734 1400 2785; x_wconf 83' lang='lat' dir='ltr'><strong>mortem</strong></span> <span class='ocrx_word' id='word_1_244' title='bbox 1437 2746 1570 2787; x_wconf 83' lang='lat' dir='ltr'><strong>vero</strong></span> <span class='ocrx_word' id='word_1_245' title='bbox 1609 2727 1884 2789; x_wconf 74' lang='lat' dir='ltr'><strong>naturalis</strong></span> 
     </span>
     <span class='ocr_line' id='line_1_30' title="bbox 108 2818 1938 2903; baseline 0.003 -26"><span class='ocrx_word' id='word_1_246' title='bbox 108 2818 243 2891; x_wconf 68' lang='lat' dir='ltr'><strong>patris</strong></span> <span class='ocrx_word' id='word_1_247' title='bbox 264 2822 594 2903; x_wconf 74' lang='lat' dir='ltr'><strong>emancipati</strong></span> <span class='ocrx_word' id='word_1_248' title='bbox 622 2820 697 2880; x_wconf 89' lang='lat' dir='ltr'><strong>ab</strong></span> <span class='ocrx_word' id='word_1_249' title='bbox 725 2819 1008 2901; x_wconf 76' lang='lat' dir='ltr'><strong>adoptivo,</strong></span> <span class='ocrx_word' id='word_1_250' title='bbox 1038 2828 1094 2879; x_wconf 88' lang='lat' dir='ltr'><strong>et</strong></span> <span class='ocrx_word' id='word_1_251' title='bbox 1114 2826 1392 2900; x_wconf 84' lang='lat' dir='ltr'><strong>quantum</strong></span> <span class='ocrx_word' id='word_1_252' title='bbox 1420 2818 1494 2879; x_wconf 88' lang='lat' dir='ltr'><strong>ad</strong></span> <span class='ocrx_word' id='word_1_253' title='bbox 1516 2818 1698 2893; x_wconf 82' lang='lat' dir='ltr'><strong>hune,</strong></span> <span class='ocrx_word' id='word_1_254' title='bbox 1727 2841 1884 2903; x_wconf 68' lang='lat' dir='ltr'><strong>oeque</strong></span> <span class='ocrx_word' id='word_1_255' title='bbox 1929 2820 1938 2831; x_wconf 84' lang='lat'>&#39;</span> 
     </span>
     <span class='ocr_line' id='line_1_31' title="bbox 112 2912 1884 2996; baseline 0.006 -31"><span class='ocrx_word' id='word_1_256' title='bbox 112 2918 445 2975; x_wconf 80' lang='lat' dir='ltr'><strong>extraneorum</strong></span> <span class='ocrx_word' id='word_1_257' title='bbox 470 2915 596 2977; x_wconf 86' lang='lat' dir='ltr'><strong>loeo</strong></span> <span class='ocrx_word' id='word_1_258' title='bbox 630 2914 801 2987; x_wconf 79' lang='lat' dir='ltr'><strong>fiunt,</strong></span> <span class='ocrx_word' id='word_1_259' title='bbox 840 2920 1202 2994; x_wconf 67' lang='lat' dir='ltr'><strong>et‘quantum</strong></span> <span class='ocrx_word' id='word_1_260' title='bbox 1228 2912 1302 2973; x_wconf 86' lang='lat' dir='ltr'><strong>ad</strong></span> <span class='ocrx_word' id='word_1_261' title='bbox 1330 2913 1608 2973; x_wconf 79' lang='lat' dir='ltr'><strong>naturalis</strong></span> <span class='ocrx_word' id='word_1_262' title='bbox 1632 2918 1884 2996; x_wconf 78' lang='lat' dir='ltr'><strong>parentis</strong></span> 
     </span>
     <span class='ocr_line' id='line_1_32' title="bbox 110 2996 1880 3087; baseline 0.006 -31"><span class='ocrx_word' id='word_1_263' title='bbox 110 2996 225 3062; x_wconf 82' lang='lat' dir='ltr'><strong>bona</strong></span> <span class='ocrx_word' id='word_1_264' title='bbox 246 3010 487 3085; x_wconf 78' lang='lat' dir='ltr'><strong>pertinet,</strong></span> <span class='ocrx_word' id='word_1_265' title='bbox 518 3006 697 3067; x_wconf 75' lang='lat' dir='ltr'><strong>nihilo</strong></span> <span class='ocrx_word' id='word_1_266' title='bbox 723 3008 906 3087; x_wconf 80' lang='lat' dir='ltr'><strong>magis</strong></span> <span class='ocrx_word' id='word_1_267' title='bbox 932 3004 1248 3066; x_wconf 78' lang='lat' dir='ltr'><strong>liberorum</strong></span> <span class='ocrx_word' id='word_1_268' title='bbox 1271 3004 1512 3087; x_wconf 80' lang='lat' dir='ltr'><strong>gradum</strong></span> <span class='ocrx_word' id='word_1_269' title='bbox 1540 3009 1880 3069; x_wconf 83' lang='lat' dir='ltr'><strong>nanciscun-</strong></span> 
     </span>
     <span class='ocr_line' id='line_1_33' title="bbox 116 3102 1879 3185; baseline 0.008 -34"><span class='ocrx_word' id='word_1_270' title='bbox 116 3104 211 3158; x_wconf 84' lang='lat' dir='ltr'><strong>tur:</strong></span> <span class='ocrx_word' id='word_1_271' title='bbox 235 3103 366 3183; x_wconf 85' lang='lat' dir='ltr'><strong>qaod</strong></span> <span class='ocrx_word' id='word_1_272' title='bbox 390 3104 514 3165; x_wconf 88' lang='lat' dir='ltr'><strong>ideo</strong></span> <span class='ocrx_word' id='word_1_273' title='bbox 540 3104 623 3163; x_wconf 76' lang='lat' dir='ltr'><strong>sie</strong></span> <span class='ocrx_word' id='word_1_274' title='bbox 649 3102 877 3184; x_wconf 85' lang='lat' dir='ltr'><strong>placuit,</strong></span> <span class='ocrx_word' id='word_1_275' title='bbox 919 3104 1053 3183; x_wconf 87' lang='lat' dir='ltr'><strong>quia</strong></span> <span class='ocrx_word' id='word_1_276' title='bbox 1083 3102 1346 3183; x_wconf 73' lang='lat' dir='ltr'><strong>iniquum</strong></span> <span class='ocrx_word' id='word_1_277' title='bbox 1378 3112 1498 3167; x_wconf 79' lang='lat' dir='ltr'><strong>eret</strong></span> <span class='ocrx_word' id='word_1_278' title='bbox 1525 3122 1646 3163; x_wconf 86' lang='lat' dir='ltr'><strong>esse</strong></span> <span class='ocrx_word' id='word_1_279' title='bbox 1679 3105 1739 3162; x_wconf 87' lang='lat' dir='ltr'><strong>in</strong></span> <span class='ocrx_word' id='word_1_280' title='bbox 1767 3124 1879 3185; x_wconf 90' lang='lat' dir='ltr'><strong>po-</strong></span> 
     </span>
     <span class='ocr_line' id='line_1_34' title="bbox 114 3194 1880 3278; baseline 0.008 -35"><span class='ocrx_word' id='word_1_281' title='bbox 114 3196 263 3253; x_wconf 69' lang='lat' dir='ltr'><strong>tentate</strong></span> <span class='ocrx_word' id='word_1_282' title='bbox 284 3200 449 3277; x_wconf 81' lang='lat' dir='ltr'><strong>patris</strong></span> <span class='ocrx_word' id='word_1_283' title='bbox 474 3196 753 3276; x_wconf 78' lang='lat' dir='ltr'><strong>adoptivi,</strong></span> <span class='ocrx_word' id='word_1_284' title='bbox 785 3194 859 3254; x_wconf 88' lang='lat' dir='ltr'><strong>ad</strong></span> <span class='ocrx_word' id='word_1_285' title='bbox 887 3214 1029 3276; x_wconf 76' lang='lat' dir='ltr'><strong>quos</strong></span> <span class='ocrx_word' id='word_1_286' title='bbox 1056 3194 1212 3255; x_wconf 84' lang='lat' dir='ltr'><strong>bona</strong></span> <span class='ocrx_word' id='word_1_287' title='bbox 1239 3194 1514 3256; x_wconf 84' lang='lat' dir='ltr'><strong>naturalis</strong></span> <span class='ocrx_word' id='word_1_288' title='bbox 1541 3197 1718 3277; x_wconf 79' lang='lat' dir='ltr'><strong>patrie</strong></span> <span class='ocrx_word' id='word_1_289' title='bbox 1745 3216 1880 3278; x_wconf 85' lang='lat' dir='ltr'><strong>per-</strong></span> 
     </span>
     <span class='ocr_line' id='line_1_35' title="bbox 123 3282 1551 3371; baseline 0.005 -30"><span class='ocrx_word' id='word_1_290' title='bbox 123 3282 329 3362; x_wconf 76' lang='lat' dir='ltr'><strong>tinerent,</strong></span> <span class='ocrx_word' id='word_1_291' title='bbox 354 3299 541 3354; x_wconf 81' lang='lat' dir='ltr'><strong>atrum</strong></span> <span class='ocrx_word' id='word_1_292' title='bbox 568 3286 641 3349; x_wconf 83' lang='lat' dir='ltr'><strong>ad</strong></span> <span class='ocrx_word' id='word_1_293' title='bbox 666 3286 873 3349; x_wconf 82' lang='lat' dir='ltr'><strong>liberos</strong></span> <span class='ocrx_word' id='word_1_294' title='bbox 900 3289 1051 3367; x_wconf 81' lang='lat' dir='ltr'><strong>ejus,</strong></span> <span class='ocrx_word' id='word_1_295' title='bbox 1084 3308 1161 3349; x_wconf 85' lang='lat' dir='ltr'><strong>an</strong></span> <span class='ocrx_word' id='word_1_296' title='bbox 1193 3288 1268 3349; x_wconf 83' lang='lat' dir='ltr'><strong>ad</strong></span> <span class='ocrx_word' id='word_1_297' title='bbox 1299 3296 1551 3371; x_wconf 74' lang='lat' dir='ltr'><strong>agnatos.</strong></span> 
     </span>
    </p>
   </div>
  </div>
 </body>
</html>
