2292 3684
323 61 425 119 574
464 77 578 118 mu
611 77 753 118 mer.
787 80 838 117 c.
871 79 948 126 ιν,
983 63 1257 134 §gis-3⁴.
1292 61 1415 115 ιεἀ.
1443 63 1567 115 Aer.
1598 75 1748 116 suaa.
1778 73 2071 115 manuam.

325 180 520 250 batur,
557 199 628 238 oes
675 177 932 240 militare.
961 179 1120 262 *Item
1161 187 1397 260 propter
1439 196 1568 237 eam
1614 179 1914 260 pecuniam
1964 176 2167 237 licebat
2221 165 2222 172 ἵ

327 273 532 352 pignus
577 292 805 353 capere,
853 293 922 331 ex
967 291 1078 352 qua
1122 290 1303 352 equus
1348 269 1618 330 emendus
1666 278 1788 329 erat
1824 292 1836 328 ε
1887 289 2022 349 quie
2070 285 2171 347 pe-

325 367 495 425 cunia
551 365 844 426 dicebatur
893 386 967 426 oes
1015 373 1295 446 equestre.
1347 365 1493 424 Item
1540 374 1773 444 propter
1816 383 1949 423 eam
1994 383 2173 444 pecu-

295 460 484 536 niam
524 477 593 516 ex
639 477 754 538 qua
801 457 1076 518 hordeum
1125 459 1285 538 equis
1334 465 1454 515 erat
1496 455 1947 537 comparandum
1995 478 2008 515 :
2052 476 2175 536 qnae

325 553 568 636 pecunia
611 550 906 613 dicebatur
939 573 1013 612 ωε
1051 550 1423 611 hordiarium.
1506 559 1622 611 28.
1656 549 1802 629 Lege
1840 557 2041 608 autem
2082 551 2174 606 in-

325 644 581 704 troducta
626 654 714 704 est·
761 647 1016 727 pignoris
1061 647 1261 726 capio,
1322 643 1473 704 velut
1520 643 1644 724 lege
1691 643 1791 702 xl!
1840 642 2175 702 tabularum

325 737 591 797 adversus
632 759 764 798 eum
805 739 902 820 qui
933 737 1174 798 hostiam
1203 740 1451 810 emisset,
1475 757 1579 798 nee
1609 740 1851 817 pretium
1882 736 2168 805 redderet;
2221 755 2222 766 ¹

219 835 226 846 “
322 833 456 890 item
503 829 771 891 adversus
818 852 948 891 eum
994 835 1090 912 qui
1137 831 1455 892 mercedem
1495 851 1609 891 non
1658 831 1914 892 redderet
1962 851 2069 911 pro
2112 847 2172 887 en

318 925 580 1003 jumento
600 925 770 1033 ‘quod
807 929 933 1005 quis
977 924 1102 984 ideo
1150 923 1409 998 locasset,
1452 934 1513 984 ut
1556 915 1687 984 iude
1726 926 2040 1006 pecuniam
2081 943 2171 984 ac-

325 1027 550 1097 ceptam
598 1018 657 1075 in
715 1017 958 1097 dapem,
1007 1017 1064 1076 id
1119 1024 1235 1090 est,
1283 1019 1343 1074 in
1398 1015 1735 1076 sacrificium
1790 1016 2168 1098 impenderet.

326 1108 467 1169 Item
511 1109 634 1190 lege
637 1153 904 1172 .....
951 1113 1074 1170 oria
1120 1109 1253 1170 data
1296 1118 1380 1170 est
1426 1113 1681 1191 pignoris
1734 1115 1927 1190 captio
1979 1108 2170 1190 publi-

324 1203 486 1262 canis
527 1201 882 1283 vectigalium
935 1201 1294 1284 publicorum
1351 1190 1547 1283 populi
1606 1204 1851 1262 Romani
1904 1203 2171 1262 adversus

325 1315 421 1356 eos
478 1299 574 1377 qui
632 1295 821 1377 aliqua
871 1295 994 1378 lege
1040 1295 1333 1378 vectigalia
1377 1296 1667 1357 deberent.
1754 1306 1876 1360 2⁹.
1918 1297 2006 1355 Ex
2047 1314 2169 1356 om-

327 1385 497 1447 nibus
535 1397 723 1448 autem
759 1389 880 1448 istis
918 1391 1102 1448 causis
1139 1389 1304 1447 certis
1343 1385 1532 1448 verbis
1567 1389 1773 1470 pignus
1816 1387 2167 1470 capiebatur,

327 1489 392 1540 et
423 1476 498 1540 ob
535 1481 593 1540 id
631 1479 916 1562 plerisque
957 1481 1216 1562 placebat
1258 1479 1407 1540 banc
1448 1501 1673 1561 quoque
1716 1483 2001 1542 actionem
2038 1481 2167 1561 legis

325 1577 603 1639 actionem
631 1596 777 1648 esse3
809 1575 1157 1656 quibusdam
1194 1585 1383 1637 autem
1410 1577 1561 1654 (non)
1589 1574 1888 1657 placebat:
1922 1579 2165 1658 primum
2221 1581 2222 1584 ’

326 1663 479 1750 quod
522 1671 774 1751 pignoris
817 1672 1003 1751 captio
1051 1678 1208 1730 extra
1248 1671 1345 1749 jus
1372 1666 1776 1751 peragebatur,
1807 1669 1868 1728 id
1909 1680 2027 1744 est,
2058 1687 2161 1728 non
2221 1665 2222 1676 ¹

329 1761 484 1842 apud
529 1770 854 1843 praetorem,
912 1762 1249 1842 plerumque
1303 1763 1472 1822 etiam
1530 1760 1763 1823 absente
1816 1762 2160 1831 adversario,

293 1874 457 1915 ·cum
503 1854 754 1937 alioquin
810 1857 1008 1916 ceteris
1059 1856 1373 1926 actionibus
1428 1875 1547 1915 non
1604 1854 1769 1916 aliter
1821 1858 1903 1916 uti
1944 1865 2161 1938 possent

325 1968 499 2030 quam
524 1948 677 2030 apud
705 1958 1040 2029 praetorem,
1075 1957 1349 2031 praesente
1378 1946 1733 2020 adversat-im
1769 1957 2044 2030 praeterea
2068 1967 2159 2006 ne-

329 2041 473 2101 fasto
520 2061 746 2123 quoque
779 2041 898 2113 die,
957 2041 1013 2100 id
1058 2051 1175 2113 est,
1216 2061 1328 2121 quo
1377 2060 1492 2100 non
1540 2039 1745 2102 licebat
1796 2041 1921 2123 lege
1970 2059 2153 2123 agere:

330 2136 538 2214 pignus
565 2136 693 2215 capi
721 2141 954 2215 poterat.

407 2235 520 2287 84).
565 2225 671 2286 Sed
707 2229 825 2286 istae
859 2245 1058 2286 omnes
1096 2223 1236 2305 legis
1273 2225 1522 2285 actiones
1559 2223 1894 2307 paulatim
1876 2247 1937 2285 nn
1978 2193 2155 2285 odium

331 2328 640 2392 venerunt,
677 2339 928 2402 namque
963 2339 1031 2380 ex
1067 2319 1247 2379 nimia
1279 2317 1587 2378 subtilitate
1620 2327 1869 2382 veterum
1909 2322 2010 2402 qui
2034 2326 2156 2378 tunc

321 2417 460 2493 jura
479 2366 868 2490 condiderunt,
894 2433 960 2473 eo
987 2433 1079 2474 res
1106 2411 1377 2494 perducta
1396 2421 1510 2486 est,
1543 2422 1604 2472 ut
1629 2411 1718 2473 vel
1740 2415 1839 2494 qui
1864 2417 2152 2474 minimum

329 2518 594 2577 errasset.
639 2507 796 2570 litem
839 2507 1117 2590 perd'eret.
1167 2509 1361 2589 ltaque
1414 2528 1515 2589 per
1555 2508 1736 2590 legem
1778 2509 2067 2570 AEbutiam
2109 2512 2156 2563 et

331 2601 470 2663 duas
489 2600 679 2660 -Julias
708 2599 943 2660 sublatoe
975 2603 1108 2661 sunt
1142 2603 1261 2660 istae
1298 2599 1439 2680 legis
1465 2602 1745 2672 actionem
1788 2601 2154 2678 effectumque

332 2703 415 2754 est
449 2703 514 2754 ut
548 2715 652 2776 per
689 2703 960 2775 concepta
995 2690 1195 2764 verba,
1232 2691 1288 2750 id
1326 2701 1440 2764 est,
1483 2712 1584 2773 per
1612 2693 1886 2754 formulas
1922 2694 2153 2776 litigare-
2221 2731 2222 2734 η

333 2807 478 2850 mus.
525 2799 635 2851 81.
683 2789 930 2869 Tantum
965 2808 1034 2848 ex
1077 2787 1294 2847 duabus
1332 2789 1515 2847 causis
1555 2790 1892 2868 permissum
1929 2797 2013 2848 est
2043 2786 2153 2863 lege

331 2901 530 2961 agere,
585 2881 778 2940 damni
829 2879 1048 2953 infecti,
1095 2887 1151 2939 et
1206 2879 1252 2938 si
1303 2877 1708 2939 centumvirale
1755 2879 2033 2958 judicium
2072 2874 2145 2934 fit.

336 2971 589 3032 Proinde
615 2976 791 3034 etiam
813 2992 1001 3044 nunc,
1031 2991 1165 3033 cum
1200 2970 1269 3030 ad
1298 2973 1677 3031 centumviros
1703 2973 1843 3044 itur,
1882 2980 2013 3032 ante
2042 2969 2151 3046 lege

335 3069 520 3147 agitur
553 3076 903 3127 sacramento
935 3067 1087 3148 apud
1124 3074 1424 3146 praetorem
1456 3062 1741 3126 urbanum
1778 3064 1867 3124 vel
1899 3063 2148 3145 peregri-

335 3179 495 3220 num.
529 3160 732 3218 Damni
757 3179 887 3220 vero
915 3159 1107 3220 infecti
1134 3179 1303 3228 nemo
1330 3157 1448 3218 vult
1474 3157 1599 3240 lege
1626 3179 1821 3239 agere3
1853 3157 1951 3218 sed
1978 3157 2147 3240 potius

333 3249 719 3331 stipulatione,
753 3271 875 3332 quae
905 3254 964 3310 in
993 3251 1173 3312 edicto
1203 3251 1493 3332 proposita
1516 3258 1628 3326 est,
1657 3249 1871 3331 obligat
1898 3251 2141 3312 adversa-
