2292 3684
172 124 341 167 raum
370 122 531 165 επιστ.
562 122 613 163 ι..
640 123 682 175 ι,
712 122 766 162 τ.
785 122 845 178 v,
864 122 945 163 vt.
986 120 1248 177 caneux„
1275 120 1486 174 ructu,
1513 118 1605 161 nai
1637 118 1783 159 tnsr.
1824 106 1929 161 755

86 228 415 292 muchium*
492 238 553 289 1.
586 227 771 300 Pater,
803 229 851 286 si
889 230 1232 309 emancipati
1265 226 1368 287 mii
1397 248 1486 287 res
1527 228 1648 285 sine
1683 225 1800 286 ulla
1829 246 1929 286 ex-

90 323 422 403 ceptione-a
454 340 515 380 se
542 320 780 381 donatas
817 316 1319 392 administraverit,
1349 318 1466 379 filio
1503 315 1720 378 actione
1755 338 1937 403 nego-

90 421 317 476 tiorum
342 424 629 497 gestorum
659 414 959 475 tenebitur.
1044 422 1108 476 8.
1140 412 1275 486 Qui,
1304 434 1432 474 cum
1465 421 1612 473 tutor
1641 423 1934 473 curatorve

88 532 219 571 non
253 519 425 581 esset,
456 513 567 569 sive
595 529 699 589 pro
740 516 923 568 tutore
962 517 1288 573 curatorem
1324 527 1414 567 res
1456 506 1660 589 pupilli
1691 506 1935 566 adultive

89 605 608 680 administraverit,
639 605 857 667 actione
892 606 1247 685 negotiorum
1285 612 1572 685 gestorum
1611 622 1718 687 pro
1751 608 1935 663 tutore

88 709 429 763 curatorem
454 698 754 760 tenebitur.

592 838 704 899 Trr.
740 833 802 897 V.
828 836 912 899 Ds
950 852 1447 899 cannatum-omnus.

190 966 255 1019 Ι.
272 949 665 1021 Calumniosus
692 963 801 1028 est,
824 954 923 1034 qui
950 953 1129 1013 sciens
1161 950 1520 1033 prudensque
1547 969 1650 1035 per
1676 944 1938 1009 fraudem

96 1050 401 1131 negotium
426 1046 593 1109 alicui
620 1056 929 1131 comparat.
963 1068 969 1073 ·
1013 1058 1083 1107 8.
1105 1048 1174 1107 Et
1197 1048 1254 1113 in
1281 1044 1514 1127 privatis
1535 1044 1669 1102 etin
1695 1040 1938 1123 publicis

88 1142 330 1225 judiciis
354 1160 553 1205 omnes
578 1140 913 1205 calumniosi
944 1148 1103 1201 extra
1128 1140 1385 1204 ordinem
1413 1156 1518 1219 pro
1545 1132 1812 1219 qualitate
1841 1134 1938 1194 ad·-

92 1238 265 1299 missi
292 1237 631 1319 plectuntur.

574 1372 687 1434 Τιτ.
720 1370 813 1445 VI.
844 1371 909 1431 A.
945 1370 1029 1433 Da
1066 1332 1321 1431 ruomvis
1349 1367 1458 1451 (Ι).

198 1502 263 1558 1.
296 1490 496 1555 Servus
526 1510 561 1551 a
592 1490 911 1573 fugitivario
949 1495 1310 1567 comparatus
1345 1486 1496 1545 intra
1531 1482 1723 1541 decem
1759 1498 1940 1541 annos

102 1589 435 1648 manumitti
471 1594 667 1647 contra
705 1584 912 1665 prioris
948 1580 1164 1641 domini
1201 1578 1543 1639 voluntatem
1582 1596 1697 1637 non
1739 1583 1936 1655 potest.

104 1694 179 1743 τ.
212 1677 425 1743 Contra
450 1680 737 1741 decretum
773 1675 1108 1757 amplissimi
1142 1672 1356 1732 ordinis
1393 1655 1690 1759 fugitivum
1719 1668 1778 1726 in
1807 1668 1944 1747 fuga

105 1778 475 1838 constitutum
508 1790 611 1831 nec
639 1789 827 1830 emere
865 1785 969 1827 nec
1000 1766 1241 1826 vendere
1275 1764 1612 1844 permissum
1648 1768 1754 1835 est,
1795 1752 1945 1816 irro-

107 1878 249 1953 gata
270 1884 436 1948 poena
452 1868 513 1925 in
534 1874 838 1944 utrumque
865 1862 1250 1921 sestertiorum
1271 1858 1316 1915 Ι)
1339 1836 1604 1916 millium.
1677 1862 1738 1912 3.
1760 1850 1945 1910 Lime-

107 1962 343 2022 narchoe
369 1969 423 2021 et
452 1960 766 2019 stationarii
792 1956 1055 2037 fugitivos
1089 1950 1471 2033 deprehensos
1498 1958 1647 2008 recte
1673 1948 1732 2005 in
1762 1953 1945 2005 custo-

108 2054 271 2113 diam
305 2055 564 2113 retinent.
650 2058 714 2109 4.
756 2048 1119 2129 Magistratus
1168 2042 1540 2123 municipales
1583 2040 1654 2099 ad
1694 2036 1946 2098 osticium

110 2147 367 2229 praesidis
398 2142 696 2225 provinciae
724 2140 810 2201 vel
840 2138 1195 2221 proconsulis
1221 2134 1657 2217 comprehensos
1685 2130 1946 2212 fugitivos

111 2253 265 2303 recte
297 2242 698 2299 transmittunt.
786 2234 848 2295 Ε.
878 2232 1119 2317 Fugitivi
1149 2234 1208 2291 in
1241 2228 1432 2288 fundis
1460 2224 1746 2287 fiscalibus
1771 2222 1967 2308 quoeri

113 2343 172 2395 et
200 2330 604 2415 comprehendi
642 2336 899 2411 possunt.
984 2336 1047 2386 o.
1082 2324 1350 2403 Fugitivi,
1386 2323 1484 2401 qui
1514 2340 1546 2379 a
1573 2318 1804 2379 domino
1833 2335 1948 2375 non

113 2434 529 2511 agnoscuntur,
560 2439 663 2503 per
694 2418 941 2480 officium
978 2416 1227 2497 proel‘ecti
1267 2413 1497 2493 vigilum
1532 2409 1946 2481 distrahuntur.

116 2536 185 2585 v.
214 2523 373 2581 Intra
407 2516 712 2579 triennium
748 2509 1085 2573 venditionis
1112 2508 1292 2589 agniti
1317 2504 1536 2589 fugitivi
1565 2510 1787 2583 emptor
1816 2512 1996 2583 pre-0

116 2616 261 2673 tium
294 2633 326 2672 a
354 2610 491 2671 fisco
520 2610 773 2715 recipere
801 2609 1004 2685 potest.

578 2748 695 2809 Τπ.
723 2746 813 2808 Ἦ.
846 2746 905 2807 Β.
937 2745 1023 2803 Da
1056 2755 1174 2803 nis
1211 2756 1506 2801 iussimus.

208 2863 499 2933 [Deliis
526 2859 862 2925 criminibus
900 2857 1107 2941 qulbus
1147 2858 1273 2937 quis
1313 2850 1605 2913 absolutus
1642 2858 1751 2924 est,
1784 2848 1857 2909 ab
1886 2868 1956 2908 eo

120 2966 223 3048 qui
268 2960 551 3023 accusavit
578 2954 845 3017 'refricari
888 2952 1166 3013 accusatio
1209 2968 1327 3008 non
1375 2954 1576 3029 potest.
1662 2952 1731 3004 z.
1779 2940 1953 3003 Filius

118 3056 491 3125 accusatoris,
515 3055 563 3113 si
586 3052 698 3113 hoc
723 3050 939 3111 crimen
957 3093 972 3118 ,
995 3042 1147 3127 quod
1173 3052 1338 3123 pater
1362 3038 1630 3110 intendit,
1656 3043 1780 3118 post
1803 3035 1954 3094 libe-

123 3170 1945 3211 ....-....--—--—-——-—-----·--··-···-···

185 3266 258 3375 (ΙΙ)
292 3266 425 3313 Hunc
449 3260 637 3312 titulum
664 3248 808 3305 edidit
833 3254 1046 3317 Cujacius
1066 3249 1276 3315 (observ.
1303 3261 1406 3306 xxi,
1435 3244 1522 3309 11)
1549 3260 1604 3291 ex
1627 3242 1732 3291 cod.
1760 3244 1848 3290 Ms.
1873 3242 1958 3285 Vc-

116 3342 229 3377 sont
244 3344 323 3375 no.
885 3336 893 3346 ·
1086 3340 1091 3348 ·
1515 3328 1522 3335 =
