2292 3684
363 123 466 178 ⁴74
502 133 620 176 em
635 131 781 176 ms‘r.
803 131 854 173 c.
879 131 942 186 11,
961 115 1024 190 §g
1043 117 1223 172 34-37.
1246 127 1395 179 oms.
1416 127 1553 172 uon.
1578 126 1677 168 aas
1694 123 1909 168 meone.
1932 119 2117 172 anon

444 243 560 294 31.
597 231 704 292 Sed
735 231 854 292 hoec
879 230 1086 292 scilicet
1115 233 1177 290 in
1202 229 1407 290 Italicis
1436 229 1659 311 praediis
1685 231 1763 289 ita
1792 237 1963 301 sunt,
2003 229 2123 309 qui

251 391 260 402 ‚
363 328 491 408 ipsa
511 326 720 407 praedia
740 327 1218 407 mancipationem
1246 334 1299 384 et
1324 326 1383 383 in
1403 325 1533 402 jure
1554 325 1861 384 cessionem
1878 324 2143 402 recipite

364 418 620 501 alioquin
647 421 704 478 in
735 418 1174 500 provincialibus
1204 417 1449 498 praediis,
1474 419 1589 476 sive
1613 417 1737 497 quis
1758 416 2117 498 usumfruct

365 517 481 573 sive
514 515 610 592 jus
648 512 845 586 eundi,
877 512 1106 594 agendi,
1139 531 1415 592 aquamve
1454 509 1721 582 ducendi,
1760 510 1849 570 vel
1885 510 2081 570 altius

365 607 520 668 lendi
549 606 714 678 aedes,
742 615 839 666 aut
865 627 982 666 non
999 605 1251 676 tollendi,
1276 626 1347 665 ne
1366 604 1677 664 luminibus
1702 607 1875 665 vicini
1900 604 2123 664 officia

367 710 665 781 ceteraque
692 701 899 760 similia
920 704 1054 780 jura
1081 701 1421 761 constituere
1448 698 1604 772 velit,
1642 699 2015 779 pactionibus
2050 707 2117 758 et

367 793 755 878 pulationibus
772 794 830 852 id
850 793 1072 854 efficere
1091 801 1299 876 potest;
1327 795 1461 873 quia
1486 813 1559 852 ne
1585 793 1711 874 ipsa
1740 792 1975 874 quidem
2004 811 2147 874 prae

368 890 846 969 mancipationem
875 898 970 949 aut
994 889 1102 968 (in)
1126 893 1257 966 iure
1284 887 1636 946 cessionnem
1662 889 1967 967 recipiunt.
2000 897 2145 947 82.
2196 959 2198 962 Α

303 987 312 992 “
370 1003 502 1044 cum
531 982 882 1042 ususfructus
908 985 1086 1043 etiam
1112 975 1411 1041 Hominum
1438 989 1492 1040 et
1518 987 1835 1041 ceterorum
1870 972 2202 1052 animaliui¹

369 1077 633 1136 constitui
661 1077 863 1156 possit,
894 1073 1209 1156 intelligere
1236 1074 1506 1134 debemus
1541 1073 1749 1133 horum
1786 1061 2205 1134 usumfructur}

371 1168 542 1240 etiam
572 1168 632 1224 in
668 1166 969 1246 provinciis
997 1185 1101 1247 per
1127 1168 1185 1224 in
1208 1168 1340 1246 jure
1374 1167 1683 1226 cessionem
1718 1168 1984 1226 constitui
2027 1182 2207 1246 posse

373 1271 487 1322 33.
517 1259 676 1330 Quod
703 1269 892 1318 autem
920 1257 1189 1330 diximus,
1212 1258 1627 1318 usumfructum
1654 1260 1715 1318 in
1737 1262 1870 1340 jure
1894 1261 2209 1319 cessionen

374 1360 596 1413 tantum
631 1354 902 1433 recipere,
945 1370 1062 1411 non
1099 1359 1184 1410 est
1226 1358 1436 1410 temere
1470 1351 1703 1424 dictum,
1742 1354 2004 1432 quamvis
2046 1354 2213 1420 etian

373 1466 480 1528 per
513 1447 990 1524 mancipationem
1031 1446 1292 1503 constitui
1336 1446 1536 1524 possit,
1580 1463 1647 1503 eo
1688 1445 1839 1525 quod
1880 1446 1940 1504 in
1980 1447 2215 1504 manci-

375 1539 567 1621 panda
609 1541 952 1620 proprietate
995 1537 1217 1598 detrahi
1261 1545 1470 1619 potest;
1519 1558 1635 1598 non
1676 1541 1829 1599 enim
1874 1542 1997 1620 ipse
2044 1559 2217 1600 usus-

374 1633 590 1692 fructus
627 1633 1014 1712 mancipatur,
1056 1629 1154 1690 sed
1192 1651 1322 1690 cum
1359 1631 1419 1689 in
1454 1630 1837 1712 mancipanda
1861 1636 2221 1714 proprietate

376 1725 709 1798 deducatur,
741 1745 808 1785 eo
847 1724 908 1782 fit
947 1730 1008 1782 ut
1033 1723 1188 1804 apud
1224 1723 1399 1784 alium
1434 1723 1811 1798 ususfructus,
1849 1726 2004 1807 apud
2036 1725 2223 1786 alium

373 1820 694 1901 proprietas
719 1821 806 1879 sit.

455 1923 567 1974 34.
593 1911 881 1970 Hereditas
910 1929 1135 1992 quoque
1160 1912 1223 1970 in
1248 1911 1379 1989 jure
1406 1912 1716 1972 cessionem
1744 1919 1967 1972 tantum
1989 1913 2218 1994 recipit.

375 2014 495 2066 35.
527 2005 673 2064 Nam
700 2005 748 2063 si
776 2007 824 2062 is
851 2001 926 2062 ad
951 2023 1121 2084 quem
1147 2002 1222 2062 ab
1248 2005 1510 2062 intestato
1536 2003 1787 2084 legitimo
1808 2006 1938 2084 jure
1967 2009 2225 2087 pertinet

372 2098 684 2170 hereditas,
725 2099 783 2156 in
814 2097 946 2177 jure
996 2118 1122 2157 eam
1158 2097 1254 2157 alii
1292 2104 1421 2157 ante
1458 2097 1764 2158 aditionem
1804 2098 1999 2171 cedat,
2034 2101 2097 2160 id
2138 2107 2219 2158 est

375 2201 682 2271 antequam
711 2189 876 2250 heres
907 2187 1175 2262 extiterit,
1207 2189 1443 2271 perinde
1478 2191 1539 2250 fit
1574 2191 1737 2252 heres
1775 2192 1824 2251 is
1859 2195 1951 2252 cui
1987 2194 2051 2252 in
2083 2195 2219 2274 jure

375 2285 619 2354 cesserit,
643 2303 708 2343 ac
735 2286 783 2342 si
807 2287 932 2366 ipse
959 2304 1062 2366 per
1083 2285 1267 2364 legem
1290 2283 1361 2343 ad
1382 2283 1747 2344 hereditatem
1770 2295 2001 2347 vocatus
2032 2297 2213 2348 esset:

375 2389 504 2459 post
533 2375 938 2458 obligationem
966 2397 1098 2438 vero
1125 2380 1176 2436 si
1206 2379 1455 2450 cesserit,
1496 2379 1869 2440 nihilominus
1896 2383 2021 2461 ipse
2048 2381 2215 2442 heres

375 2480 698 2554 permanet,
737 2478 792 2530 et
819 2469 894 2530 ob
923 2471 980 2530 id
1013 2473 1096 2553 [a]
1125 2471 1495 2532 creditoribus
1522 2471 1830 2543 tenebitur,
1862 2473 2052 2535 debita
2081 2497 2211 2536 vero

373 2573 632 2647 pereunt,
657 2583 834 2644 eoque
861 2563 1028 2624 modo
1057 2563 1337 2624 debitores
1362 2563 1686 2624 hereditarii
1712 2565 1937 2626 lucrum
1970 2568 2207 2640 faciunt3

376 2679 619 2741 corpora
654 2677 788 2718 vero
824 2658 946 2736 ejus
987 2657 1313 2718 hereditatis
1356 2658 1587 2739 perinde
1630 2645 1929 2720 transeunt
1965 2661 2037 2721 ad
2078 2683 2208 2722 eum

377 2757 468 2814 cui
503 2771 660 2813 cessa
687 2759 771 2812 est
799 2751 1106 2825 hereditas,
1147 2773 1213 2812 ac
1240 2754 1287 2811 si
1314 2755 1366 2812 ei
1394 2752 1617 2833 singula
1644 2755 1703 2811 in
1724 2755 1857 2833 jure
1885 2775 2042 2814 cessa
2066 2756 2205 2815 fuis-

377 2856 517 2907 sent.
559 2855 674 2908 88.
709 2846 1067 2905 Testamento
1109 2856 1298 2906 autem
1332 2849 1573 2927 scriptus
1603 2846 1794 2919 heres,
1830 2855 1961 2908 ante
1997 2848 2205 2909 aditam

378 2939 605 3020 quidem
641 2937 1036 3012 hereditatem,
1074 2941 1137 2998 in
1166 2945 1301 3017 jure
1334 2938 1581 2999 cedendo
1608 2960 1735 2998 eam
1764 2939 1860 2999 alii
1888 2941 2032 3002 nihil
2058 2946 2197 3024 agit3

375 3041 570 3114 postea
595 3051 727 3093 vero
747 3053 922 3116 quam
945 3031 1144 3092 adierit
1172 3035 1219 3092 si
1246 3030 1419 3106 cedat,
1444 3051 1513 3092 ea
1531 3033 1790 3093 accidunt
1808 3055 1935 3116 quae
1952 3037 2202 3116 proxime

377 3125 619 3186 diximus
645 3126 714 3187 de
739 3145 807 3186 eo
835 3126 907 3186 ad
935 3145 1106 3206 quem
1133 3123 1215 3183 ab
1236 3126 1496 3186 intestato
1530 3126 1782 3208 legitimo
1806 3130 1941 3208 jure
1968 3131 2200 3210 pertinet

375 3221 682 3295 hereditas,
714 3227 762 3281 si
787 3229 914 3304 post
941 3215 1343 3304 obligationem
1374 3223 1501 3304 (in)
1528 3225 1657 3303 jure
1684 3225 1859 3285 cedat.

457 3325 575 3379 82.
619 3314 774 3376 idem
815 3327 868 3380 et
909 3313 980 3376 de
1018 3317 1349 3377 necessariis
1386 3315 1689 3380 heredihus
1732 3317 1966 3386 diversae
2005 3319 2197 3380 scholae
