2292 3684
0 164 5 180 .
43 139 97 182 1..
123 140 194 196 11,
232 140 285 182 r.
312 140 432 181 xiv.
472 139 544 180 na
572 134 880 179 nauaturos
906 134 1314 178 marn-oannis.
1354 121 1450 176 24⁴

0 262 19 301 ι
45 250 231 302 autem
261 263 295 303 a
322 242 553 302 domino
586 261 689 302 suo
723 240 890 301 heres
917 241 1225 311 Institutas,
1262 239 1310 298 si
1339 239 1470 318 qui-

0 354 79 393 em
111 355 281 395 causa
308 335 607 408 manserit,
638 334 699 392 fit
728 352 796 393 ex
831 340 1164 392 testamento
1199 330 1345 389 liber
1370 328 1473 389 he-

0 429 266 499 essarius3
306 432 354 489 si
389 447 521 488 vero
559 448 592 487 a
629 428 753 486 vivo
791 433 1052 486 testatore
1092 424 1473 484 manumissus

4 520 243 580 arbitrio
271 520 426 581 adire
453 519 818 581 hereditatem
848 527 1057 599 potest,
1090 518 1226 598 quia
1262 535 1379 576 non
1414 515 1477 575 fit

13 659 29 688 ,
79 635 207 675 cum
254 624 558 697 utrumque
600 633 669 675 ex
717 613 933 673 domini
978 621 1314 673 testamento
1358 629 1473 670 nou

0 731 25 771 ¹.
56 708 217 779 Quod
255 712 303 770 si
341 710 616 770 alienatus
655 708 853 782 fuerit,
877 709 1043 787 jussu
1088 707 1221 766 novi
1260 704 1477 764 domini

0 804 209 865 litatem
250 805 442 878 dehet,
472 814 528 866 et
562 824 629 865 ea
664 804 882 883 ratione
916 822 1018 883 per
1045 822 1178 863 eum
1213 799 1473 860 dominus

0 920 90 959 am
118 901 238 980 ipse
265 899 542 961 alienatus
571 918 755 980 neque
781 897 931 957 liber
956 917 1140 978 neque
1166 895 1330 956 heres
1359 915 1481 957 esse

0 995 107 1053 msi
132 1013 263 1054 cum
288 993 551 1055 libertate
592 992 755 1055 heres
792 993 1080 1054 institutus
1117 991 1322 1061 fuerit3
1353 989 1481 1049 des·

0 1109 8 1145 ι
38 1108 72 1146 a
97 1085 373 1148 libertatis
410 1088 635 1147 datione
663 1087 882 1147 videtur
912 1085 1204 1157 dominus,
1227 1087 1326 1166 qui
1350 1103 1481 1144 eum

0 1180 213 1240 llieuus
256 1200 481 1262 quoque
521 1201 716 1241 servus
755 1180 921 1241 heres
965 1182 1283 1252 institutus,
1334 1180 1382 1238 si
1421 1178 1481 1235 in

0 1294 47 1334 ta
80 1274 392 1349 duraverit,
419 1275 583 1354 jussu
612 1276 735 1356 ejus
763 1274 978 1334 domini
1009 1272 1164 1333 adire
1198 1270 1483 1332 heredita·-

0 1390 5 1425 :
36 1370 86 1427 si
114 1388 245 1428 vero
273 1367 550 1428 alienatus
582 1368 755 1429 fuerit
790 1366 865 1427 ab
894 1387 988 1440 eo,
1021 1374 1118 1426 aut
1147 1367 1274 1425 vivo
1315 1372 1485 1424 testa-

0 1470 92 1522 ·ost
126 1472 368 1523 mortem
406 1463 528 1543 ejus
570 1471 873 1543 antequam
911 1459 1102 1535 adeat,
1131 1458 1297 1519 debet
1323 1459 1485 1539 jussu

0 1559 45 1615 ai
80 1557 266 1629 adire3
299 1566 355 1617 at
385 1558 434 1617 si
474 1558 856 1617 manumissus
892 1565 975 1617 est
1020 1556 1144 1615 vivo
1189 1561 1481 1623 testatore.

20 1659 325 1734 antequam
350 1651 528 1727 adeat,
559 1671 662 1713 suo
684 1649 919 1712 arbitrio
942 1649 1098 1711 adire
1120 1647 1489 1709 hereditatem

0 1859 36 1899 ts
65 1847 256 1900 autem
282 1840 500 1900 alienus
534 1847 662 1919 post
694 1838 908 1899 domini
937 1846 1178 1897 mortem
1205 1842 1353 1896 reete
1382 1833 1489 1894 he-

0 1944 109 2008 tur,
152 1935 287 2016 quia
330 1942 384 1993 et
424 1953 556 1993 cum
590 1931 945 1992 hereditariis
987 1931 1159 1991 servis
1201 1936 1285 1988 est
1324 1935 1489 1987 testae

0 2046 29 2085 o
56 2049 70 2086 ε
103 2025 357 2087 nondum
385 2026 536 2085 enim
558 2023 710 2084 adita
731 2022 1012 2085 hereditas
1035 2040 1290 2103 personae
1317 2019 1493 2078 vicem

0 2140 61 2179 iu
89 2119 315 2181 heredis
345 2117 543 2191 futuri,
578 2117 678 2179 sed
703 2117 985 2188 defuncti3
1017 2135 1149 2176 cum
1175 2117 1342 2175 etiam
1373 2113 1493 2192 ejus

0 2238 38 2277 o
65 2226 150 2276 est
176 2236 369 2277 servus
399 2223 547 2276 recte
572 2214 736 2275 heres
762 2215 1092 2275 instituitur.

0 2330 53 2369 us
88 2308 344 2391 plurium
389 2329 518 2370 cum
568 2308 775 2389 quibus
814 2307 1135 2368 testamenti
1173 2304 1341 2364 factio
1383 2310 1493 2375 est,

0 2423 40 2462 ro
76 2404 364 2463 institutus
400 2401 593 2476 heres,
629 2403 933 2482 unicuique
967 2400 1362 2469 dominorum,
1394 2419 1497 2458 cu-

0 2496 224 2569 adierss,
270 2517 375 2578 pro
421 2498 682 2579 portione
712 2495 948 2556 dominii
987 2494 1234 2574 adquirit
1274 2491 1497 2552 heredi-

0 2703 117 2743 tum
141 2680 453 2755 hominem,
481 2690 535 2742 et
561 2681 755 2763 plures
780 2683 839 2741 in
873 2680 1182 2752 infinitum,
1210 2686 1347 2760 quot
1376 2678 1501 2758 quis

0 2777 94 2838 des
123 2775 308 2838 facere
337 2778 478 2838 licet.

0 2870 150 2931 =ditas
178 2871 515 2952 plerumque
544 2870 812 2931 dividitur
846 2870 907 2928 in
944 2867 1240 2928 duodecim
1278 2865 1501 2935 uncias,

4 2962 387 3046 appellatione
423 2966 803 3024 continentur.
839 2960 1064 3022 Habent
1101 2969 1290 3020 autem
1329 2966 1382 3017 et
1418 2955 1501 3015 hm

0 3059 118 3138 pria
147 3058 383 3117 nomina
412 3056 487 3115 ab
530 3059 697 3116 uncia
725 3076 904 3136 usque
932 3055 1002 3114 ad
1037 3074 1248 3125 assem,
1280 3059 1342 3110 ut
1371 3058 1505 3129 puta

0 3173 50 3227 a,
92 3159 338 3224 sextans,
377 3150 691 3232 quadrans,
725 3152 927 3223 triens,
959 3151 1276 3230 quincunx,
1309 3145 1501 3215 semis,

0 3265 110 3315 ies,
154 3242 432 3317 dodrans,
471 3242 731 3317 dextans,
772 3243 987 3313 deunx,
1023 3260 1106 3301 as.
1155 3240 1279 3298 Non
1321 3245 1505 3295 autem

2 3337 182 3399 decim
206 3338 403 3396 uncias
433 3355 551 3396 esse
574 3344 822 3416 oportet3
852 3354 984 3394 nam
1012 3341 1093 3423 tot
1123 3332 1297 3390 unciae
1328 3346 1509 3387 assem

1160 3428 1182 3477 4
1201 3424 1228 3476 4
