2292 3684
417 108 519 164 ⁴76
589 121 702 162 em
721 119 869 162 mar.
901 122 950 162 c.
978 121 1040 184 n,
1067 104 1132 178 δέ
1153 108 1338 162 3843.
1378 122 1449 164 na
1466 98 1602 165 no'n.
1624 123 1793 166 mvis.
1817 125 1887 166 ar
1910 125 2187 168 usumin».

415 237 668 289 auctores
711 229 1059 300 existimant,
1115 228 1269 308 quod
1310 228 1453 287 nihil
1494 229 1710 289 videtur
1752 232 2027 290 interesse
2072 237 2225 288 utri

417 324 604 404 (quis)
647 321 904 380 adeundo
932 321 1298 381 hereditatem
1330 321 1428 381 fiat
1458 321 1649 396 heres,
1682 343 1753 382 an
1785 325 1995 384 invitus
2026 327 2225 382 existi

414 415 564 497 quod
593 415 760 496 quale
788 417 855 473 sit
885 435 987 474 suo
1015 414 1138 475 loco
1168 415 1487 496 apparebit.
1520 416 1629 474 Sed
1668 419 1843 476 nostri
1884 429 2225 498 praeceptoi

415 516 616 591 putant
639 506 782 566 nihil
805 517 972 589 agere
995 510 1379 568 necessarium
1399 504 1685 581 heredem,
1710 527 1842 568 cum
1865 511 1923 568 in
1943 511 2089 589 jure
2118 529 2225 569 ce<

279 617 302 632 ·
415 601 805 663 hereditatem.

494 706 611 756 38.
636 694 1050 775 Obligationes,
1077 712 1307 772 quoquo
1339 693 1505 753 modo
1534 700 1853 766 eontractoe,
1886 693 2036 753 nihil
2070 714 2225 756 eort

414 791 708 868 recipiunt.
742 788 884 846 Nam
915 785 1064 866 quod
1093 785 1236 844 mihi
1267 785 1339 844 ab
1372 786 1563 866 aliquo
1592 786 1860 857 debetur,
1902 786 1962 844 id
2000 789 2059 846 ai
2108 787 2225 848 veli

416 881 516 940 tibi
551 879 769 951 deberi,
811 878 971 938 nullo
1009 898 1204 938 eorum
1244 879 1411 938 modo
1450 878 1659 959 quibus
1696 898 1787 938 res
1824 878 2183 958 corporales

349 959 356 968 ⁵
414 974 588 1034 alium
625 973 1075 1043 transferuntur,
1107 971 1166 1030 id
1194 970 1421 1031 efficere
1448 991 1713 1052 possum3
1750 971 1848 1031 sed
1877 992 2023 1052 opus
2058 983 2163 1032 est
2196 995 2225 1032 u

410 1067 644 1148 jubente
679 1087 798 1140 me,
837 1075 898 1125 tu
938 1064 1011 1124 ab
1048 1083 1116 1124 eo
1155 1065 1440 1145 stipuleris
1470 1087 1486 1123 ι
1526 1083 1651 1145 quoe
1686 1085 1777 1126 res
1812 1065 1987 1126 efficit
2016 1076 2091 1126 ut
2128 1089 2171 1126 a
2202 1091 2225 1128 ι

413 1162 685 1222 liberetur
708 1171 763 1220 et
785 1162 1020 1240 incipiat
1041 1157 1144 1217 tihi
1164 1161 1371 1230 teneri;
1402 1179 1527 1239 quoe
1555 1159 1760 1219 dicitur
1786 1161 2017 1220 novatio
2050 1160 2225 1242 oblig

416 1257 599 1316 tioniS.
647 1265 758 1314 8¹).
794 1253 926 1312 Sine
960 1252 1069 1312 hac
1105 1270 1239 1311 vero
1275 1255 1577 1312 novatione
1615 1271 1731 1312 non
1768 1254 1981 1333 poteris
2017 1263 2136 1314 tuo
2182 1273 2224 1312 n

417 1351 570 1409 mine
612 1367 812 1428 agere3
859 1346 957 1405 sed
1001 1346 1174 1406 debes
1212 1366 1280 1406 ex
1316 1365 1561 1425 persona
1598 1365 1758 1419 mea,
1798 1349 1962 1428 quasi
2004 1351 2224 1430 cognit

417 1451 515 1502 aut
542 1450 878 1522 procurator
907 1459 1090 1509 meus,
1125 1441 1393 1520 experiri.

496 1547 617 1596 40.
649 1535 914 1616 Sequitur
941 1543 1004 1593 ut
1031 1533 1465 1604 admoneamus,
1500 1532 1652 1613 apud
1677 1535 2008 1613 peregrinos
2032 1535 2225 1615 quide

418 1647 598 1688 unum
635 1647 758 1686 esse
801 1627 1115 1686 dominium
1150 1649 1164 1685 :
1208 1628 1395 1708 itaque
1425 1633 1526 1685 aut
1566 1625 1830 1686 dominus
1864 1629 2121 1706 quisque
2170 1647 2225 1688 es

417 1735 515 1783 aut
542 1723 804 1782 dominus
832 1739 945 1779 non
977 1719 1331 1800 intelligitur.
1363 1719 1487 1790 Quo
1511 1722 1641 1798 jure
1670 1722 1840 1780 etiam
1871 1719 2138 1800 populus
2170 1723 2225 1790 R

416 1833 624 1876 manua
656 1814 792 1874 olim
825 1812 1128 1872 utebatur:
1168 1820 1266 1871 aut
1293 1815 1448 1872 enim
1476 1832 1545 1872 ex
1572 1815 1701 1891 jure
1738 1811 2047 1882 Quiritium
2090 1836 2222 1873 unu

417 1912 656 1992 quisque
698 1905 961 1966 dominus
1001 1911 1153 1976 erat,
1197 1914 1295 1964 aut
1334 1924 1449 1963 non
1494 1903 1917 1986 intelligebatur
1964 1904 2219 1966 dominu

418 2001 514 2062 sed
555 2008 750 2081 postea
787 1997 1118 2056 divisionem
1160 1999 1375 2076 accepit
1411 1995 1755 2070 dominium,
1799 2005 1862 2056 ut
1900 1995 2047 2056 alius
2096 2017 2221 2080 post

418 2113 538 2152 esse
578 2112 645 2151 ex
682 2091 814 2170 jure
850 2088 1155 2159 Quiritium
1194 2088 1483 2160 dominus,
1528 2089 1673 2148 alius
1715 2092 1775 2149 in
1812 2089 1982 2150 bonis
2022 2091 2219 2152 haber

416 2197 530 2246 41.
563 2185 707 2244 Nam
736 2186 783 2241 si
811 2182 914 2242 tibi
943 2201 1066 2241 rem
1103 2184 1353 2262 mancipi
1392 2201 1576 2262 neque
1608 2185 2036 2263 mancipavere,
2084 2205 2217 2266 neq·

417 2279 476 2334 in
509 2277 638 2354 jure
675 2293 928 2346 cessero,
971 2271 1067 2332 sed
1107 2281 1328 2331 tantum
1373 2272 1681 2344 tradidero,
1716 2275 1777 2332 in
1820 2274 1987 2333 honis
2032 2277 2216 2355 quide

420 2371 530 2428 tuis
556 2388 626 2428 ea
655 2387 741 2426 res
771 2366 1068 2436 efficietur,
1107 2387 1176 2425 ex
1203 2367 1335 2444 jure
1364 2364 1665 2435 Quiritium
1696 2387 1827 2426 vero
1861 2388 1990 2429 mea
2026 2389 2215 2449 perma

421 2462 605 2532 nebit,
647 2462 826 2520 donec
865 2470 921 2519 tu
959 2480 1086 2519 eam
1125 2458 1465 2540 possidendo
1504 2463 1802 2540 usucapias
1833 2481 1847 2518 ι
1891 2462 2068 2521 semel
2112 2465 2212 2523 eni:

291 2566 298 2575 “
417 2554 650 2634 impleta
678 2557 1048 2631 usucapione,
1083 2552 1322 2632 proinde
1351 2551 1521 2632 pleno
1544 2554 1673 2632 jure
1702 2556 1927 2634 incipit,
1968 2555 2027 2612 id
2066 2567 2175 2627 est,

418 2650 479 2705 in
504 2646 668 2705 bonis
697 2654 838 2704 etex
859 2645 991 2723 jure
1017 2645 1323 2715 Quiritium
1352 2653 1447 2702 tua
1476 2664 1565 2702 res
1598 2664 1747 2719 esse,
1779 2665 1844 2705 ac
1872 2647 1921 2706 si
1952 2665 2020 2705 ea
2052 2663 2211 2706 man(

419 2749 551 2821 pata
582 2738 666 2798 vel
696 2741 754 2796 in
777 2741 910 2818 jure
943 2759 1098 2798 cessa
1133 2739 1318 2818 (esset.
1352 2749 1465 2797 42.
1508 2741 1781 2819 Umcapio
1809 2741 2036 2818 autem)
2076 2740 2208 2800 moh

418 2833 558 2892 lium
589 2832 818 2913 quidem
847 2853 1040 2892 rerum
1069 2853 1221 2892 anno
1248 2831 1589 2912 completur,
1628 2833 1789 2893 fundi
1817 2855 1947 2895 vero
1977 2845 2031 2894 et
2060 2836 2207 2894 zedim

421 2924 654 2984 biennio
680 2947 694 2984 ι
727 2934 780 2984 et
809 2928 887 2985 ita
911 2925 1035 3007 lege
1062 2927 1163 2985 xu
1186 2925 1512 3004 tabularum
1541 2937 1769 3006 cautum
1794 2938 1897 2989 est.

500 3029 617 3080 48.
651 3019 913 3080 Ceterum
941 3023 1108 3079 etiam
1139 3038 1332 3080 earum
1364 3039 1555 3080 rerum
1588 3022 1861 3102 usucapio
1900 3021 2067 3080 nobis
2104 3027 2204 3081 con'

422 3116 586 3195 petit,
620 3134 744 3195 quae
773 3135 888 3175 non
917 3135 952 3174 a
977 3114 1209 3175 domino
1240 3114 1405 3174 nobis
1434 3115 1647 3174 traditoe
1678 3116 1915 3189 suerint,
1960 3119 2071 3177 sive
2100 3135 2203 3176 mai

421 3210 533 3288 cipi
563 3211 674 3268 sint
701 3229 778 3268 eae
806 3229 925 3281 res,
957 3211 1079 3268 ⁴sive
1113 3228 1217 3268 nec
1248 3210 1529 3288 mancipi,
1568 3212 1617 3267 si
1654 3209 1822 3270 modo
1851 3230 1943 3270 eas
1971 3209 2120 3269 bona
2144 3207 2201 3277 fid

423 3305 808 3385 acceperimus
822 3349 836 3376 ,
863 3323 990 3362 cum
1013 3302 1366 3362 crederemus
1386 3287 1517 3361 eum
1540 3306 1637 3384 qui
1658 3303 1948 3364 tradiderit
1966 3304 2199 3399 dominat
