2292 3684
273 110 424 153 susr.
459 110 610 151 nes-1¹.
641 111 694 151 ι..
726 108 821 184 111,
843 108 1050 151 'lu-xlx.
1089 108 1165 149 m:
1193 108 1517 151 munusue
1544 108 1831 151 suenum.
1890 96 1998 152 ⁴⁴9

247 226 311 276 1.
341 212 647 274 «iudiciales
669 221 801 271 sunt
825 211 1142 282 dumtaxat,
1172 230 1299 291 qum
1324 231 1359 271 a
1390 228 1547 293 mero
1574 194 1780 290 judicis
1812 208 2000 269 officio

159 308 630 390 proficiscuntur,
660 296 830 365 v‘eluti
856 304 926 365 de
955 302 1090 365 dolo·
1115 306 1300 365 cautio
1319 350 1335 375 ,
1374 302 1465 363 vel
1508 302 1578 363 de
1614 301 2001 383 persequendo

161 422 331 462 servo
359 404 454 481 qni
484 402 542 459 in
569 399 705 481 fuga
731 406 843 472 est,
873 396 1289 459 restituendove
1318 400 1517 479 pretio.

243 506 313 555 n.
348 492 626 551 Praetoriae
663 500 821 561 sunt,
869 510 994 570 quoe
1031 510 1065 549 a
1099 510 1259 551 mero
1296 491 1551 571 proetoris
1596 488 1783 549 officio
1823 488 2004 568 proti-

162 590 484 656 eisenntur,
534 582 706 643 veluti
754 582 949 641 damni
999 581 1218 653 insecti,
1260 580 1349 640 vel
1401 580 1737 661 legatorum.
1792 580 2004 640 Proeto·

165 682 286 739 rias
333 687 522 737 autem
568 673 958 755 stipulationes
1001 675 1082 733 sie
1125 672 1378 732 exaudiri
1420 680 1672 752 oportet,
1702 680 1766 731 ut
1810 673 1870 731 in
1914 670 2003 731 his

160 773 570 832 contineantur
605 768 774 827 etiam
826 765 1090 836 oedilitioe3
1135 784 1273 825 nam
1316 774 1369 825 et
1414 764 1503 825 hoe
1552 784 1586 823 a
1616 763 2004 842 jurisdictione

162 866 425 925 veniunt.

251 967 321 1018 8.
357 952 825 1015 conventionales
853 960 1010 1025 sunt,
1051 972 1175 1031 quoe
1210 972 1279 1011 ex
1314 952 1680 1011 conventione
1716 952 2007 1031 utriusque
2092 1020 2105 1041 x

167 1052 350 1131 partis
391 1049 814 1129 concipiuntur,
862 1046 968 1105 hoc
1009 1054 1124 1118 est,
1164 1064 1347 1126 neque
1384 1046 1543 1123 jussu
1577 1043 1783 1125 judicis
1824 1064 2005 1125 neque

157 1146 330 1224 jussu
353 1145 624 1221 praetoris,
653 1138 751 1199 sed
779 1160 846 1199 ex
868 1142 1235 1199 conventione
1254 1136 1726 1200 contrahentium.
1752 1135 2002 1208 Quarum

169 1236 406 1295 totidem
444 1254 652 1315 genera
690 1240 820 1291 sunt
858 1240 1024 1312 quot,
1062 1250 1207 1311 pene
1244 1231 1515 1302 dixerim,
1548 1250 1739 1290 rerum
1776 1242 2005 1289 contra-

175 1328 516 1389 hendarum.
559 1384 570 1393 ,

251 1431 322 1481 4.
347 1420 688 1479 Communes
714 1414 1102 1497 stipulationes
1133 1426 1291 1488 sunt,
1314 1414 1485 1475 veluti
1508 1436 1623 1475 rem
1652 1414 1865 1477 salvam
1888 1414 2007 1475 fore

173 1512 430 1593 pupilli·
461 1531 598 1570 nam
626 1518 682 1570 et
709 1518 914 1590 praetor
935 1509 1099 1588 jubet
1125 1530 1245 1568 rem
1274 1508 1487 1569 sslvam
1518 1508 1639 1569 fore
1666 1506 1886 1589 pupillo
1910 1528 2009 1568 ea-

174 1608 328 1681 veri,
350 1615 404 1665 et
434 1604 714 1664 interdum
735 1603 937 1683 judex,
971 1605 1018 1661 si
1043 1602 1207 1664 aliter
1232 1602 1483 1684 expediri
1502 1602 1621 1664 hoec
1648 1622 1739 1663 res
1765 1622 1881 1663 non
1908 1622 2006 1683 po·

179 1708 314 1769 test3
343 1696 432 1757 vel
460 1696 530 1756 de
557 1706 682 1757 rato
709 1696 1012 1777 stipulatio.

495 1902 614 1965 Τιτ.
639 1904 775 1967 ΧΙΧ.
812 1904 894 1965 Βι-
917 1922 1201 1965 min-imus
1227 1920 1687 1970 smum-nomm&

258 2077 462 2137 Omnis
487 2097 578 2137 res
605 2098 728 2158 quo
756 2078 1008 2157 dominio
1033 2086 1228 2138 nostro
1256 2077 1581 2159 subjicitur,
1612 2081 1671 2138 in
1701 2077 2013 2159 stipulatio·

179 2190 316 2231 nem
341 2171 540 2231 deduci
573 2180 782 2252 potest,
815 2176 928 2231 sive
959 2171 1057 2233 ills
1085 2172 1347 2245 mobilis,
1377 2176 1493 2232 sive
1521 2173 1625 2233 soli
1645 2176 1731 2235 sit.

263 2274 330 2324 1.
361 2264 460 2335 At,
493 2265 693 2343 siquis
739 2284 858 2324 rem
897 2284 1020 2345 quae
1055 2266 1114 2323 in
1158 2284 1351 2325 rerum
1391 2275 1593 2325 natura
1630 2285 1744 2325 non
1776 2273 1886 2337 est,
1917 2274 2015 2326 aut

175 2376 300 2418 esse
331 2377 444 2418 non
476 2365 680 2437 potest,
707 2357 828 2416 dari
856 2356 1154 2438 stipulatus
1194 2357 1389 2429 fuerit,
1422 2360 1591 2417 veluti
1629 2358 1879 2418 Stichum
1910 2362 2009 2439 qui

175 2459 436 2511 mortuns
461 2453 560 2523 sit,
594 2470 763 2531 quem
799 2454 982 2511 vivere
1019 2449 1309 2523 credebat,
1352 2462 1450 2511 aut
1496 2450 2009 2533 hippocentaurum

182 2546 283 2625 qui
312 2563 433 2604 esse
461 2563 575 2604 non
605 2546 806 2623 possit,
835 2542 1052 2606 inutilis
1080 2546 1187 2605 erit
1215 2544 1518 2625 stipulatio.

263 2647 334 2696 π.
369 2636 568 2696 ldem‘
545 2638 692 2716 Juris
720 2644 826 2709 est,
856 2638 904 2695 si
935 2655 1055 2695 rem
1089 2656 1307 2696 sacram
1339 2644 1437 2697 aut
1464 2611 1809 2719 religiosam,
1844 2659 2014 2718 quem

185 2729 468 2793 humani·
445 2730 594 2807 juris
623 2746 743 2787 esse
773 2725 1060 2799 credebat,
1093 2727 1183 2788 vel
1209 2726 1497 2809 publicam
1526 2748 1649 2811 quoe
1691 2730 1889 2791 usibus
1918 2751 2016 2812 po-

187 2824 310 2903 puli
331 2832 609 2903 perpetuo
630 2825 879 2905 exposita
908 2825 996 2896 sit,
1018 2831 1080 2883 ut
1107 2822 1298 2883 sorum
1325 2822 1411 2883 vel
1438 2822 1745 2898 theatrum,
1768 2825 1855 2885 vel
1885 2824 2018 2887 libe-

187 2938 318 2979 rum
357 2917 683 2988 hominem,
734 2936 904 2999 quem
955 2936 1179 2977 servum
1226 2937 1347 2977 esse
1392 2917 1681 2991 credebat,
1727 2916 1817 2979 vel
1860 2920 2021 2997 eujus

188 3012 590 3071 commercium
627 3030 742 3069 non
783 3009 1066 3079 hahuerit,
1107 3009 1193 3069 vel
1232 3030 1353 3069 rem
1387 3030 1577 3083 suam,
1606 3010 1729 3069 dari
1767 3012 1893 3090 quis
1921 3009 2021 3069 sti-

189 3102 432 3185 putetur.
463 3104 618 3162 Nec·
601 3124 662 3161 m
691 3103 956 3185 pendenti
980 3105 1086 3162 erit
1110 3100 1399 3181 stipulatio
1428 3099 1503 3162 ob
1523 3056 1577 3161 id
1607 3102 1761 3182 quod
1790 3100 2021 3181 publica

192 3216 280 3255 res
307 3198 367 3253 iu
399 3196 682 3275 privatum
707 3195 938 3266 deduci,
969 3203 1025 3253 et
1050 3214 1118 3253 ex
1143 3192 1325 3253 libero
1358 3214 1549 3255 servus
1576 3193 1696 3253 fieri
1728 3203 1937 3272 potest,
1968 3203 2023 3253 et

193 3291 596 3373 commercium
621 3289 856 3372 adipisci
883 3288 1178 3370 stipulator
1210 3296 1420 3369 potest,
1459 3298 1515 3347 et
1554 3306 1645 3348 res
1676 3287 2021 3366 stipulatoris
