2292 3684
206 160 351 201 ποετ.
386 160 528 201 insr.
570 158 623 200 ι.
655 160 697 214 1,
735 160 790 199 τ.
820 160 958 201 xxv.
996 160 1070 204 nn
1099 158 1298 200 uxone.
1323 156 1456 199 'ru-r.
1485 156 1593 198 ver.
1621 158 1744 198 cun.
1799 146 1904 201 ⁴25

68 284 171 323 uec
198 264 313 321 suis
342 262 569 343 quidem
596 264 838 343 negotiis
868 264 1136 321 interesse
1165 266 1374 342 potest,
1406 262 1688 320 excusatio
1716 259 1903 321 locum

66 354 254 415 habet.

146 458 213 508 8.
250 446 519 507 Similiter
556 460 687 506 eum
720 450 815 529 qui
844 447 1037 506 literas
1067 446 1338 517 nesciret,
1375 444 1756 504 excusandum
1787 466 1907 505 esse

68 541 229 600 divus
250 540 381 600 Pius
403 542 721 621 reem-ipsiu
744 542 997 621 quamvis
1017 549 1071 599 et
1090 541 1334 619 imperiti
1353 538 1644 598 literarum
1666 549 1907 621 possunt

68 633 138 691 ad
170 632 721 692 administrationem
749 633 1104 714 negotiorum
1132 631 1412 692 sufficere.

147 735 213 785 9.
248 726 389 785 ltem
424 727 473 784 si
500 735 734 806 propter
760 726 1081 784 inimicitias
1111 724 1358 805 aliquem
1391 733 1722 786 testamento
1756 732 1909 785 tuto-

72 837 193 877 rem
227 827 387 899 pater
426 817 667 890 dederit,
708 816 817 877 hoc
852 819 1039 899 ipsum
1070 826 1296 899 praestat
1341 820 1394 877 ei
1438 820 1852 880 excusationem
1888 840 1902 878 t

74 914 219 971 sicut
263 930 369 993 per
412 913 761 971 contrarium
810 932 927 971 non
984 897 1354 985 excusantur,
1407 915 1505 994 qui
1557 934 1617 974 se
1664 911 1903 973 tutelam

70 1005 565 1067 administraturos
593 1007 743 1087 patri
769 1004 1119 1087 pupillorum
1146 1006 1546 1087 promiserunt.

152 1110 273 1161 ιο.
306 1100 434 1159 Non
472 1118 592 1159 esse
629 1098 1035 1161 admittendam
1073 1102 1492 1160 excusationem
1525 1103 1646 1183 ejus
1675 1102 1774 1182 qui
1802 1099 1910 1162 hoc

67 1192 189 1253 solo
216 1194 424 1263 utitur,
457 1193 609 1273 quod
636 1193 861 1275 ignotus
888 1196 1038 1274 patri
1064 1193 1416 1276 pupillorum
1447 1196 1544 1267 sit,
1569 1194 1682 1254 divi
1712 1194 1916 1255 fratres

68 1288 504 1367 rescripserunt.

156 1390 269 1440 n.
319 1378 631 1439 Inimicitiae
684 1398 825 1459 quas
884 1381 1009 1460 quis
1052 1399 1182 1439 cum
1229 1388 1390 1461 patre
1433 1378 1784 1462 pupillorum
1823 1381 1913 1442 vel

75 1471 397 1534 adultorum
426 1473 699 1545 exercuit,
729 1475 777 1532 si
806 1470 1073 1552 capitales
1098 1472 1332 1532 fuerunt
1349 1521 1364 1545 ,
1393 1493 1499 1535 nec
1533 1473 1912 1536 reconciliatio

70 1569 407 1639 intervenit,
440 1588 475 1627 a
500 1564 676 1626 tutela
701 1566 789 1625 vel
816 1586 955 1627 cura
983 1564 1165 1626 solent
1190 1587 1474 1627 excusare.

152 1673 267 1723 12.
301 1662 443 1721 Item
477 1662 575 1742 qui
602 1668 777 1721 status
812 1662 1256 1724 controversiam
1293 1682 1327 1721 a
1361 1661 1715 1744 pupillorum
1752 1671 1914 1744 patre

74 1774 280 1837 passus
308 1764 419 1826 est,
447 1762 745 1813 excusatur
774 1774 808 1813 a
830 1753 1023 1815 tutela.

162 1859 272 1909 18.
322 1849 463 1908 Item
502 1848 693 1925 major
740 1850 1102 1929 septuaginta
1144 1850 1312 1908 annis
1354 1869 1389 1907 a
1431 1849 1604 1911 tutela
1648 1848 1738 1909 vel
1778 1870 1914 1911 cura

75 1961 345 2002 excusare
378 1962 439 2001 se
468 1948 667 2021 potest.

150 2037 406 2096 Minores
430 2042 620 2094 autem
644 2034 837 2115 viginti
865 2036 1119 2116 quinque
1147 2039 1315 2097 annis
1332 2034 1470 2096 olim
1489 2035 1718 2117 quidem
1742 2056 1913 2098 excu-

72 2128 371 2190 sabuntur.
405 2127 452 2186 A
474 2135 667 2187 nostra
691 2134 883 2186 autem
910 2132 1306 2190 constitutione
1331 2130 1415 2211 (1)
1448 2128 1824 2211 prohibentur
1847 2131 1918 2190 ad

70 2221 311 2283 tutelam
364 2219 453 2279 vel
494 2238 690 2279 curam
732 2219 1055 2301 adspirare,
1105 2222 1246 2282 adeo
1291 2232 1355 2281 ut
1414 2240 1520 2282 nec
1561 2226 1918 2283 excusatione

74 2335 220 2397 opus
272 2313 396 2374 fiat.
444 2315 567 2386 Qua
608 2314 1004 2374 constitutione
1044 2324 1272 2376 cavetur
1311 2321 1374 2374 ut
1413 2335 1518 2376 nee
1558 2315 1810 2397 pupillus
1845 2317 1917 2375 ad

72 2410 393 2491 legitimam
421 2405 652 2467 tutelam
680 2414 909 2467 vocetur
926 2453 941 2480 ,
965 2427 1070 2467 nec
1098 2406 1352 2479 adultus;
1375 2428 1505 2469 cum
1525 2416 1645 2468 erat
1665 2408 1918 2483 incivile,

76 2524 171 2564 eos
199 2503 305 2585 qui
330 2500 517 2561 alieno
546 2498 754 2559 auxilio
796 2502 857 2558 in
899 2500 1069 2560 rebus
1107 2502 1224 2561 suis
1261 2500 1720 2561 administrandis
1755 2522 1918 2583 egere

80 2602 397 2657 noscuntur
410 2640 425 2665 ‚
452 2601 509 2654 et
534 2590 609 2653 ab
630 2591 755 2653 aliis
774 2600 1076 2675 reguntur,
1099 2592 1344 2655 aliorum
1360 2592 1594 2654 tutelam
1615 2593 1704 2656 vel
1723 2613 1918 2655 curam

80 2690 293 2753 subire.
892 2750 895 2756 .

165 2798 279 2849 14.
312 2785 471 2846 Idem
498 2794 553 2845 et
577 2785 639 2844 in
670 2783 846 2845 milite
874 2783 1292 2845 observandum
1328 2792 1446 2856 est,
1487 2794 1549 2845 ut
1587 2803 1692 2845 nec
1729 2782 1920 2844 volens

86 2880 153 2940 ad
180 2879 367 2941 tuteloe
395 2899 539 2939 onus
567 2877 914 2939 admittatur.

166 2985 278 3035 15.
308 2974 451 3033 Item
479 2972 672 3032 Romae
695 2974 1076 3054 grammatici,
1108 2972 1360 3032 rhetores
1391 2982 1444 3031 et
1467 2971 1696 3044 medicI,
1736 2979 1790 3031 et
1823 2974 1921 3053 qui

92 3068 147 3126 in
165 3068 351 3147 patria
371 3086 479 3125 sua
503 3064 563 3123 id
588 3075 880 3137 exercent,
910 3074 963 3125 et
988 3067 1139 3127 intra
1164 3084 1468 3127 numerum
1496 3074 1653 3138 sunt,
1687 3085 1722 3124 a
1748 3064 1922 3125 tutela

92 3160 175 3219 vel
198 3180 339 3221 cura
370 3156 586 3218 habent
615 3159 979 3218 vacationem.

992 3270 1470 3281 ——ffl-

152 3327 223 3391 (1)
246 3332 297 3377 1..
324 3332 377 3385 5,
404 3328 477 3385 C„
509 3328 577 3373 Dc
608 3327 732 3391 leyt't.
760 3334 849 3376 tut.
878 3324 952 3390 (v,
978 3323 1074 3390 ³⁰).
