2292 3684
313 98 414 151 440
453 110 572 151 osu
599 108 743 151 mer.
775 110 826 153 u.
855 110 936 163 iu,
967 98 1026 163 ⁸8
1055 98 1116 152 Ἠ
1135 94 1255 151 313.
1293 108 1438 152 toxa
1470 108 1813 150 ntauaroum
1840 104 2116 151 sanson.

309 209 798 277 extraneusberes
837 212 1172 285 intervenit,
1208 232 1324 273 non
1365 210 1539 272 habet
1579 210 1669 271 lex
1712 212 1885 271 Junia
1921 210 2162 283 locum,

307 303 405 364 sed
431 303 997 365 senatusconsultum.
1040 304 1346 365 Javolenus
1383 313 1570 365 autem
1608 306 1711 375 ait,
1760 310 1977 363 tantum
2014 324 2165 363 eam

307 407 528 481 partem
573 419 642 459 ex
685 399 1173 461 senatusconsulto
1212 400 1427 483 liberos
1471 402 1695 482 patroni
1734 420 1837 479 pro
1881 398 2166 460 virilibus

307 490 564 571 partibus
585 490 882 553 habituros
904 512 1043 566 esse,
1076 514 1251 573 quam
1278 495 1528 553 extranei
1555 491 1789 552 heredes
1817 501 1949 552 ante
1978 512 2167 552 sena-
2261 516 2262 519 ¹

304 583 719 646 tusconsultum
767 584 890 667 lege
933 587 1108 646 Juuia
1154 586 1407 646 habituri
1452 594 1666 658 essent3
1716 584 1965 666 reliquas
2008 606 2163 645 vero

305 670 496 758 partes
525 698 628 757 pro
647 677 1002 738 hereditariis
1021 678 1279 759 partibus
1306 678 1378 738 ad
1400 697 1495 737 eos
1522 667 1816 759 pertin'ere.
1868 688 1982 738 vl.
2002 679 2160 738 Item

303 772 602 851 quoeritur,
639 791 710 832 an
734 772 842 832 hoc
870 771 1421 834 senatusconsultum
1450 773 1523 831 ad
1552 792 1647 833 eos
1674 774 1900 852 patroni
1928 772 2161 833 liberos

304 864 612 943 pertineat)
644 863 743 944 qui
770 884 837 924 ex
863 864 980 925 filia
1007 876 1243 947 nepteve
1281 874 1678 944 procreantur,
1710 865 1769 924 id
1810 864 1919 938 est',
1956 874 2018 926 ut
2046 886 2163 926 ne-

306 978 412 1038 pos
451 977 612 1017 meus
653 977 721 1016 ex
759 956 876 1017 filia
918 961 1102 1039 potior
1143 962 1215 1020 sit
1250 963 1310 1018 in
1347 960 1512 1043 bonis
1561 960 1743 1019 Latini
1784 962 1924 1033 mei,
1966 980 2158 1041 quam

304 1056 601 1109 extraneus
630 1048 820 1121 beres;
852 1050 993 1110 item
1023 1052 1149 1131 (απ)
1177 1051 1246 1111 ad
1273 1059 1559 1112 maternos
1587 1050 1813 1111 Latinos
1841 1050 1951 1111 hoc
1974 1070 2123 1111 sena

308 1141 718 1202 ’tuscousultum
765 1144 1073 1225 pertineat,
1127 1146 1427 1225 quaeritur,
1473 1143 1533 1202 id
1582 1129 1696 1215 est,
1746 1152 1809 1203 ut
1862 1146 1923 1202 in
1974 1142 2153 1204 bonis

302 1236 484 1293 Latini
511 1237 753 1294 materni
783 1238 968 1316 potior
995 1238 1066 1296 sit
1093 1246 1348 1317 patronae
1372 1235 1542 1309 filius,
1574 1256 1749 1317 quam
1767 1235 1931 1296 heres
1958 1246 2157 1297 extra-

307 1346 446 1386 neus
467 1329 685 1387 matris.
715 1327 906 1388 Cassio
936 1327 1166 1408 placuit,
1190 1338 1431 1410 utroque
1460 1349 1595 1390 casu
1613 1328 1804 1390 locum
1830 1350 1951 1390 esse
1974 1350 2151 1390 sena-

305 1420 669 1483 tusconsulto.
717 1422 826 1482 Sed
868 1422 1042 1503 hujus
1089 1425 1428 1483 sententiam
1470 1422 1728 1505 plerique
1768 1424 2103 1505 improbant
2124 1472 2145 1498 ‚

304 1517 440 1595 quia
469 1524 695 1576 senatus
723 1515 793 1576 de
820 1516 908 1575 his
946 1514 1140 1576 liberis
1178 1526 1553 1599 patronarum
1595 1516 1739 1577 nihil
1778 1520 2007 1593 sentiat,
2040 1522 2152 1599 qui

305 1609 478 1668 aliam
515 1608 790 1669 familiam
827 1620 1214 1692 sequerentur.
1254 1610 1431 1692 idque
1468 1631 1536 1671 ex
1572 1631 1638 1670 eo
1680 1604 1944 1693 adparet,
1987 1611 2151 1691 quod

303 1706 642 1763 nominatim
694 1704 1058 1781 exheredatos
1103 1714 1420 1767 summovet
1450 1730 1465 1766 ε
1504 1726 1642 1765 nam
1679 1706 1899 1766 videtur
1932 1705 1999 1765 de
2049 1705 2149 1765 his

303 1798 544 1868 sentire,
590 1799 688 1877 qui
727 1797 1054 1861 exheredari
1090 1820 1125 1859 a
1154 1809 1389 1881 parente
1415 1799 1632 1873 solent,
1666 1802 1716 1859 si
1760 1798 1992 1863 heredes
2019 1818 2143 1857 non

301 1892 694 1961 instituantur;
743 1911 926 1972 neque
967 1902 1157 1953 autem
1196 1895 1367 1952 matri
1403 1892 1585 1953 filium
1632 1891 1911 1965 filiamve,
1955 1911 2146 1973 neque

301 2004 404 2044 avo
432 1992 689 2045 materno
717 1994 980 2066 nepotem
1018 1993 1343 2066 neptemve,
1376 1988 1425 2045 si
1470 2006 1601 2047 eum
1640 2004 1838 2045 eamve
1873 1984 2142 2045 heredem

302 2097 416 2137 non
455 2078 736 2150 instituat,
787 2078 1125 2139 exheredare
1166 2098 1389 2139 necesse
1426 2087 1536 2154 est,
1581 2081 1695 2139 sive
1731 2077 1801 2138 de
1836 2080 1967 2158 jure
1988 2077 2143 2138 civili

303 2191 650 2251 quaeramus,
683 2174 797 2231 sive
825 2170 894 2232 de
929 2171 1109 2233 edicto
1137 2174 1391 2253 praetoris
1412 2219 1427 2245 ,
1459 2194 1573 2254 quo
1607 2175 1901 2253 praeteritis
1942 2171 2141 2232 liberis

299 2272 496 2323 contra
524 2262 749 2323 tabulas
791 2266 1108 2326 testamenti
1144 2262 1429 2325 bonorum
1468 2269 1745 2347 possessio
1773 2268 2135 2346 promittitur.

383 2365 496 2415 vv.
529 2354 852 2436 Aliquando
879 2366 1068 2416 tamen
1097 2358 1233 2417 civis
1258 2356 1549 2416 Romanus
1576 2354 1815 2417 libertus
1840 2364 2139 2441 tamquam

305 2450 538 2508 Latinus
571 2452 829 2521 moritur,
869 2452 1040 2511 veluti
1081 2452 1127 2509 si
1172 2452 1405 2510 Latinus
1440 2450 1593 2511 salvo
1625 2455 1756 2531 jure
1795 2452 2017 2533 pati-oui
2058 2452 2139 2512 ab

305 2544 650 2622 imperatore
680 2544 776 2622 jus
813 2540 1120 2613 Quiritium
1158 2544 1717 2615 consecutus’fu‘erit.
1752 2546 1896 2605 Nam
1923 2546 2007 2607 ita
2042 2544 2142 2604 di—

305 2655 410 2694 vus
437 2636 715 2714 Trajanus
745 2638 1049 2709 constituit,
1073 2638 1120 2696 si
1139 2636 1371 2697 Latinus
1398 2638 1575 2697 invito
1602 2638 1690 2697 vel
1716 2640 2009 2719 ignorante
2036 2658 2139 2721 pa—

303 2738 465 2788 trono
488 2731 585 2808 jus
614 2731 915 2802 Quiritium
945 2732 1018 2791 ab
1057 2734 1400 2811 imperatore
1430 2741 1763 2793 consecutus
1800 2734 1884 2792 sit.
1918 2731 2136 2803 Quibus

303 2822 555 2897 casibus,
587 2822 724 2885 dum
767 2828 899 2885 vivit
931 2820 1037 2885 iste
1073 2824 1337 2899 libertus,
1380 2828 1577 2887 ceteris
1614 2827 1831 2887 civibus
1867 2828 2135 2888 Romanis

301 2914 516 2974 libertis
543 2916 742 2975 similis
769 2927 876 2991 est,
909 2926 962 2977 et
985 2920 1169 2997 justos
1198 2916 1406 2978 liberos
1438 2930 1723 3001 procreat;
1758 2920 1997 2979 moritur
2023 2940 2133 2980 au-

305 3017 418 3067 tem
455 3010 637 3067 Latini
668 3013 826 3091 jure,
859 3032 964 3071 nec
1001 3014 1050 3071 ei
1089 3009 1255 3071 liberi
1292 3014 1414 3091 ejus
1450 3012 1683 3074 heredes
1716 3034 1833 3075 esse
1872 3025 2125 3096 possunt3

308 3108 362 3159 et
386 3103 448 3158 in
466 3098 574 3161 hoc
598 3109 817 3163 tantum
839 3102 1014 3164 habet
1035 3106 1355 3165 testamenti
1378 3106 1696 3181 factionem,
1721 3108 1801 3167 uti
1829 3116 2128 3188 patronum

304 3192 566 3253 heredem
585 3196 858 3268 instituat,
885 3199 1067 3275 eique,
1093 3198 1140 3255 si
1168 3196 1334 3257 heres
1362 3218 1483 3257 esse
1510 3198 1770 3273 noluerit,
1798 3200 1967 3258 alium
1990 3200 2125 3258 sub-

307 3284 530 3346 stituere
579 3290 772 3367 possit.
817 3300 928 3352 23.
975 3290 1042 3347 Et
1082 3291 1216 3370 quia
1253 3290 1360 3350 hac
1408 3294 1799 3353 constitutione
1838 3290 2127 3352 videbatur
