2292 3684
393 103 496 158 ⁴06
570 113 686 158 nm
710 111 855 156 ικιτ.
895 111 945 154 c.
979 110 1020 162 ι,
1061 99 1120 163 §5
1150 97 1413 154 isa-⁴87.
1455 112 1527 154 nn
1552 111 1813 155 manno
1836 112 2128 154 wuronc.

387 219 561 299 telam
585 225 826 298 patrono
854 215 1204 293 patroniquae
1229 212 1345 273 filio
1372 215 1735 274 manifestum
1763 223 1862 275 est.
1904 226 2098 276 182.
2134 217 2223 274 Ρη

385 324 540 373 terea
578 318 806 369 senatus
843 309 1086 377 censuit,
1122 316 1205 377 ut,
1244 308 1291 365 si
1330 317 1481 368 tutor
1521 307 1727 389 pupilli
1762 307 2099 389 pupillaeve
2144 330 2222 368 su:

387 414 583 487 pectus
618 424 652 462 a
689 401 860 460 tutela
895 407 1143 459 remotus
1182 401 1278 472 sit,
1312 403 1427 460 sive
1456 421 1524 462 ex
1544 404 1701 481 justa
1734 422 1911 461 causa
1940 401 2151 461 fuerit
2184 423 2222 462 e}

389 507 631 568 ousntus,
669 498 726 554 in
765 495 953 554 locum
991 496 1112 574 ejus
1150 493 1297 553 elius
1334 502 1485 555 tutor
1520 495 1718 569 detur,
1753 516 1865 576 quo
1895 495 2053 557 dato
2084 500 2223 576 prb

391 601 549 654 tutor
575 592 792 650 amittit
817 587 1068 648 tutelam.
1110 597 1270 648 183.
1310 590 1439 648 Haee
1462 591 1655 648 omnia
1686 589 1951 650 similiter
1974 601 2035 650 et
2058 591 2223 652 Rom

389 697 444 750 et
473 691 529 746 in
561 685 862 766 provinciis
891 681 1074 742 solent
1100 681 1391 744 observari
1421 732 1905 746 ........
1964 733 1979 745 .
2036 688 2093 745 si
2128 705 2223 748 vel

394 826 1275 848 ..............
1290 791 1451 843 184.
1474 781 1625 840 otim
1653 801 1784 841 cum
1812 780 1958 862 legis
1990 785 2223 842 actiom

387 879 446 935 in
481 896 583 935 usu
623 880 816 946 erant,
847 874 1017 931 etiam
1055 892 1122 932 ex
1157 871 1259 931 illa
1293 893 1463 933 causa
1498 883 1651 933 tutor
1687 873 1962 948 dabatur,
2010 877 2059 933 si
2106 877 2223 936 int<

297 995 306 1004 ·
387 978 629 1028 tutorem
672 975 725 1026 et
769 964 1064 1024 mulierem
1110 963 1462 1044 pupillumve
1504 965 1643 1045 legis
1686 969 1904 1026 actione
1948 969 2223 1048 agendui

389 1071 510 1120 erat
544 1082 557 1118 ε
595 1076 730 1120 nam
767 1059 901 1139 quia
935 1060 1056 1136 ipse
1087 1057 1315 1137 quidem
1356 1065 1513 1119 tutor
1542 1060 1601 1116 in
1642 1077 1703 1117 re
1738 1079 1841 1118 sue
1874 1069 2091 1118 auctor
2136 1079 2223 1122 ess

391 1173 506 1212 non
551 1160 798 1232 poterat,
837 1149 990 1212 alius
1026 1148 1302 1222 dabatur,
1342 1170 1453 1230 quo
1492 1159 1719 1211 auctore
1755 1151 1861 1212 illa
1903 1151 2051 1235 leqis
2099 1157 2223 1216 acti

393 1253 777 1328 perageretur3
808 1247 903 1323 qui
933 1242 1228 1303 dicebatur
1252 1245 1543 1323 proetorius
1574 1252 1749 1319 tutor,
1773 1246 1909 1324 quia
1936 1265 1971 1304 a
1996 1254 2223 1326 praetor

391 1338 615 1400 urbano
643 1337 904 1398 dabatur.
937 1338 1066 1397 Post
1100 1335 1352 1396 sublatas
1386 1335 1524 1418 legis
1561 1339 1808 1396 actiones
1847 1337 2092 1418 quidam
2142 1333 2223 1421 puss

389 1441 540 1504 tent,
580 1433 729 1492 hano
769 1433 1014 1513 speciem
1054 1429 1225 1489 dandi
1266 1431 1471 1492 tuton's
1498 1433 1735 1510 penitus
1776 1433 2131 1510 evanuisse,-
2158 1452 2223 1494 sea

389 1526 577 1587 adhuc
599 1527 660 1584 in
688 1543 794 1584 usu
823 1532 933 1597 est,
964 1527 1016 1584 si
1035 1521 1290 1604 leqitimo
1313 1523 1527 1602 judicio
1556 1532 1777 1603 agatur.

477 1628 638 1679 185.
674 1617 732 1676 si
763 1618 854 1676 cui
888 1615 1078 1675 nullus
1116 1617 1348 1674 omnino
1388 1624 1540 1675 tutor
1576 1619 1673 1689 sit,
1706 1618 1757 1676 ei
1790 1616 1955 1676 datur
1988 1619 2053 1676 in
2094 1619 2223 1680 urb<

391 1713 574 1772 Roma
600 1731 668 1770 ex
695 1710 816 1791 lege
844 1709 1014 1770 Atilia
1041 1731 1076 1768 a
1103 1716 1341 1790 proetore
1368 1709 1591 1769 urbano
1621 1718 1673 1769 et
1702 1711 1919 1790 majore
1946 1721 2123 1792 parte
2155 1699 2223 1773 triss

392 1807 680 1866 hunorum
727 1802 941 1885 plebis,
1000 1805 1098 1882 qui
1153 1802 1431 1862 Atilianus
1482 1813 1634 1864 tutor
1676 1813 1935 1875 vocatur-3
1983 1809 2045 1864 in
2097 1813 2223 1888 pros

394 1899 591 1958 vinciis
629 1916 762 1957 vero
809 1917 844 1955 a
885 1895 1220 1977 praesidibus
1261 1898 1681 1977 provinciarum
1722 1917 1793 1958 ex
1832 1896 1954 1979 lege
1984 1897 2155 1960 Julia
2187 1895 2223 1966 el

393 1993 561 2052 Titia.

480 2095 642 2146 188.
675 2084 743 2142 Et
771 2084 895 2144 ideo
923 2086 972 2142 si
999 2086 1089 2144 cui
1115 2091 1446 2146 testamento
1475 2091 1627 2145 tutor
1653 2084 1759 2144 sub
1787 2087 2111 2149 conditione
2145 2093 2223 2150 aut

396 2201 464 2239 ex
499 2179 589 2238 die
623 2186 774 2238 certo
811 2178 973 2238 datus
1009 2182 1108 2250 sit,
1152 2180 1419 2259 quamdiu
1449 2180 1692 2239 conditio
1722 2191 1819 2241 aut
1846 2180 1959 2240 dies
1985 2183 2222 2262 pendet‚'

395 2280 548 2337 tutor
573 2272 694 2331 dari
726 2280 932 2352 potest3
961 2274 1097 2331 item
1124 2274 1170 2330 si
1202 2293 1343 2352 pure
1369 2273 1531 2332 datus
1560 2273 1745 2345 fuerit,
1770 2275 2033 2354 quamdiu
2056 2299 2223 2340 nemo

395 2367 560 2427 heres
589 2369 802 2440 existat,
839 2367 1052 2426 tamdiu
1084 2387 1153 2427 ex
1179 2371 1247 2427 iis
1272 2367 1491 2450 legibus
1518 2377 1671 2429 tutor
1698 2370 1965 2450 petendus
1990 2380 2097 2447 est,
2136 2377 2222 2457 qui

398 2461 600 2519 desinit
630 2468 780 2519 tutor
806 2479 925 2520 esse
949 2469 1315 2544 posteaquam
1338 2464 1462 2544 quis
1487 2483 1553 2524 ex
1574 2469 1904 2526 testamento
1932 2471 2083 2526 tutor
2110 2455 2217 2530 esso

399 2556 644 2636 coeperit.

486 2659 650 2709 18⁷.
683 2648 771 2708 Ab
807 2649 1062 2709 hostibus
1101 2671 1327 2732 quoque
1364 2659 1545 2713 tutore
1582 2663 1774 2734 capto,
1806 2673 1875 2714 ex
1908 2655 1971 2714 iis
1999 2653 2211 2740 legibus

398 2747 552 2800 tutor
587 2741 784 2814 datur,
821 2745 918 2824 qui
954 2743 1158 2803 desinit
1198 2753 1353 2804 tutor
1386 2765 1530 2818 esse,
1564 2749 1610 2806 si
1638 2748 1685 2806 is
1714 2749 1813 2828 qui
1840 2755 2021 2829 captus
2049 2757 2207 2812 estin

398 2835 675 2894 civitatem
715 2855 970 2896 reversus
1017 2837 1186 2898 suerit
1222 2860 1235 2897 :
1282 2859 1416 2898 nam
1457 2859 1712 2901 reversus
1757 2843 1949 2923 recipit
1988 2846 2204 2907 tutelam

393 2927 523 3004 jure
553 2927 898 3009 postliminii.
