2292 3684
127 134 292 180 sust.
319 137 466 180 mer.
505 138 558 180 1..
593 137 636 192 1,
673 139 724 180 r.
757 138 854 180 ιιι.
894 139 1048 188 ouis.
1079 141 1215 183 uon.
1238 139 1331 182 ms
1358 139 1583 184 roras-r.
1616 140 1831 182 soavi-r.
1874 126 1943 182 85

95 247 338 320 neptem
378 241 652 313 retinere3
678 250 732 302 ct
759 261 827 301 ex
853 241 1072 304 diverso
1109 242 1291 304 filium
1319 243 1547 325 quidem
1574 243 1634 302 in
1676 250 1947 324 potestate

91 336 377 410 retinere,
408 342 672 416 nepotem
700 355 830 397 vcro
859 337 946 398 vel
977 348 1205 420 neptem
1232 340 1663 412 manumittere,
1694 337 1781 398 vel
1818 357 1948 396 om-

89 448 206 487 nes
243 430 333 487 sui
367 430 514 508 juris
541 429 784 491 efficere.
817 431 1029 494 Eadem
1057 442 1109 495 et
1137 432 1208 494 de
1241 441 1555 517 pronepote
1582 440 1639 494 et
1670 443 1948 514 pronepte

87 522 252 583 dicta
278 543 404 584 esse
422 525 826 606 intelligantur.

181 627 261 678 S:
294 617 406 677 Sed
437 619 540 676 etsi
569 628 732 700 pater
757 618 939 680 filium
977 640 1146 701 quem
1182 623 1243 680 in
1284 628 1557 704 potestate
1595 619 1798 694 habet,
1842 641 1947 683 avo

91 709 188 769 vel
221 731 438 792 proavo
470 712 746 786 naturali,
784 713 1093 775 secundum
1126 723 1350 776 nostras
1389 716 1811 778 constitutiones
1848 735 1949 776 su·-

97 824 212 886 per
239 804 332 866 his
357 803 608 880 habitas,
639 807 700 866 in
731 806 1090 889 adoptionem
1119 808 1362 882 dederit,
1392 809 1451 870 id
1492 817 1603 881 est,
1638 813 1686 868 si
1712 808 1821 870 hoe
1856 812 1947 890 ip-

14 967 16 970 *
95 919 237 960 sum
292 902 428 961 actis
481 901 990 963 intervenientibus
1037 903 1191 985 apud
1238 911 1653 984 competentem
1695 903 1947 985 judicem

93 993 576 1066 manifestaverit,
607 1003 882 1076 praesente
921 1016 988 1057 eo
1016 996 1114 1078 qui
1154 995 1456 1077 adoptatur
1482 1005 1536 1055 et
1564 1014 1681 1056 non
1722 1005 1947 1056 contra-

94 1086 345 1160 dicente,
383 1107 488 1148 nec
515 1107 634 1147 non
661 1107 729 1147 eo
753 1097 1024 1176 praesente
1054 1091 1153 1170 qui
1175 1088 1434 1171 adoptat,
1465 1089 1699 1152 solvitur
1717 1092 1815 1170 jus
1841 1111 1947 1171 po-

93 1184 318 1241 testatis
360 1183 542 1263 patris
571 1181 884 1255 natm-alin
916 1185 1118 1242 transit
1145 1193 1335 1244 autem
1380 1186 1441 1243 in
1470 1184 1797 1265 hujusmodi
1837 1204 1945 1265 pa-

91 1283 322 1335 rentem
363 1276 724 1358 adoptivum,
761 1280 820 1337 in
859 1279 1021 1359 cujus
1063 1298 1309 1359 persona
1342 1289 1399 1342 et
1430 1278 1791 1361 adoptionem
1825 1299 1945 1340 esse

97 1369 498 1450 plenissimam
525 1380 696 1434 antea
722 1371 962 1434 diximus
981 1372 1106 1452 ’(Ι).

173 2041 250 2092 9.
286 2029 439 2092 ntud
467 2039 656 2091 autem
685 2033 844 2100 scire,
875 2037 1117 2111 oportet,
1147 2029 1301 2111 qnod
1328 2031 1375 2090 si
1404 2049 1581 2090 nurus
1608 2038 1707 2089 tua
1735 2049 1803 2089 ex
1828 2027 1944 2088 filio

96 2133 194 2183 tuo
221 2126 574 2204 conceperit,
605 2133 660 2184 et
685 2122 865 2182 filium
893 2131 1089 2205 postea
1115 2125 1559 2204 emancipaveris
1580 2121 1743 2182 velia
1767 2122 1943 2203 adop·

95 2220 316 2278 tionem
345 2215 568 2278 dederis
606 2226 930 2298 proegnante
959 2237 1107 2276 nuru
1143 2225 1267 2290 tua,
1301 2215 1669 2276 nihilominus
1696 2215 1847 2296 quod
1876 2235 1943 2274 ex

97 2331 162 2371 ea
189 2315 474 2398 nascitur,
505 2313 566 2370 in
595 2319 867 2394 potestate
901 2320 998 2372 tua
1021 2314 1295 2382 nescitum
1327 2309 1477 2392 quod
1507 2313 1554 2369 si
1584 2317 1710 2392 post
1738 2327 1939 2368 eman-

99 2408 452 2488 cipationem
495 2404 586 2466 vel
629 2405 991 2487 adoptionem
1031 2415 1335 2485 conceptus
1373 2403 1573 2474 fuerit,
1624 2403 1803 2485 patris
1855 2401 1943 2460 sui

99 2501 450 2583 emancipati
477 2498 568 2564 vel
589 2501 681 2560 avi
708 2499 958 2590 adoptivi
987 2501 1251 2581 potestati
1278 2497 1605 2579 subjicitur3

169 3347 238 3411 (1)
263 3349 326 3394 V.
355 3348 410 3395 L.
450 3351 526 3403 ΙΙ,
550 3350 604 3398 0.
630 3343 701 3394 De
732 3347 882 3412 adopt.
915 3345 1061 3411 (vm,
1087 3343 1189 3408 48.)
