2292 3684
430 111 639 156 sumsc.
680 113 885 156 ramu.
929 113 1005 156 ΒΧ
1040 111 1400 156 comi-iona.
1443 111 1668 156 uarum.
1869 99 1963 160 ⁸54

106 222 384 286 cavetur,
418 221 482 275 ut
518 215 931 277 mathematicis
950 261 965 288 ,
999 213 1308 290 Chaldaeis,
1345 213 1610 290 hariolis,
1649 224 1706 277 et
1745 223 1974 300 ceteris,

107 309 215 389 qui
244 308 494 370 similem
520 322 801 391 quaestum
833 309 1117 382 fecerunt,
1142 330 1294 391 aqua
1321 319 1378 370 et
1403 311 1524 394 igni
1552 310 1924 374 interdicatur
1956 338 1969 376 :

106 403 431 483 omniaque
456 401 613 464 bona
639 422 836 464 eorum
863 400 1258 484 publicenturt
1291 409 1346 462 et
1368 403 1414 462 si
1445 411 1810 465 externarum
1835 426 1977 488 gen-

108 497 265 554 tium
296 495 423 576 quis
458 494 518 556 id
547 496 779 570 fecerit,
810 503 872 556 ut
908 497 969 554 in
1004 514 1137 555 eum
1173 494 1676 558 animadvertatur.
1761 507 1831 559 τ.
1865 497 1976 559 Sed

105 589 227 680 fuit
256 590 557 672 quaesitum
584 600 777 652 utrum
804 590 1039 651 scientia
1063 588 1395 670 hujusmodi
1427 589 1728 653 hominum
1767 594 1976 674 punia-

110 693 243 758 tur,
286 704 362 744 an
400 687 665 746 exercitio
696 693 751 746 et
788 683 1084 768 professio.
1129 685 1246 764 (Et)
1295 683 1526 766 quidem
1567 685 1722 767 apud
1760 697 1974 749 veteres

48 827 64 836 .
112 777 440 851 dicebatur,
470 779 888 861 professionem
912 797 1132 851 eorum,
1164 798 1282 839 non
1311 779 1595 852 notitiam,
1629 800 1749 840 esse
1771 782 1976 866 prohi-

109 870 325 934 bitam.
351 873 553 934 Postea
580 875 890 945 variatum3
923 893 1027 934 nec
1055 871 1534 940 dissimulandum
1562 880 1666 946 est,
1703 895 1973 938 nonnun-

117 985 301 1047 quam
326 968 633 1048 inrepsisse
652 967 717 1026 in
746 986 933 1038 usum,
955 973 1019 1025 ut
1038 966 1209 1026 etiam
1230 965 1650 1048 profiterentur,
1673 975 1728 1027 et
1746 969 1975 1050 publice

112 1080 180 1121 se
224 1059 565 1142 praeberent.
612 1061 774 1132 Quod
827 1059 1055 1142 quidem
1096 1061 1280 1142 magis
1322 1079 1428 1142 per
1465 1063 1880 1125 contumaciam
1920 1071 1978 1124 et

112 1156 497 1215 temeritatem
524 1175 725 1217 eorum
742 1155 957 1215 factum
986 1163 1087 1228 est,
1112 1155 1212 1237 qui
1239 1155 1344 1214 visi
1368 1164 1531 1216 erant
1553 1153 1643 1216 vel
1661 1157 1972 1232 consulere,

114 1247 211 1308 vel
249 1267 537 1323 exercere,
576 1269 751 1331 quam
796 1247 947 1330 quod
988 1248 1176 1308 fuerat
1209 1249 1569 1330 permissum.
1657 1259 1726 1311 8.
1766 1249 1976 1332 Saepis—

115 1343 266 1402 sime
310 1341 555 1423 denique
600 1341 963 1402 interdictum
1006 1347 1089 1400 est
1136 1339 1258 1399 fere
1305 1337 1382 1400 ab
1433 1338 1703 1401 omnibus
1758 1345 1977 1424 princi-

116 1433 327 1516 pibus,
357 1455 431 1496 ne
461 1436 603 1518 quis·
621 1437 857 1495 omnino
894 1431 1222 1514 hujusmodi
1251 1435 1480 1514 ineptiis
1507 1453 1568 1494 se
1599 1435 1970 1512 immisceret,

118 1535 177 1588 et
210 1530 367 1588 varie
400 1530 589 1611 puniti
628 1535 761 1589 sunt
796 1527 889 1602 hi,
924 1528 1022 1608 qui
1060 1525 1119 1586 id
1159 1527 1544 1600 exercuerint,
1573 1548 1678 1610 pro
1706 1549 1975 1593 mensura

120 1619 333 1682 scilieet
360 1619 805 1684 consultationis.
836 1621 985 1680 Nam
1014 1619 1211 1702 quide
1240 1621 1517 1702 principis
1545 1620 1752 1697 salute,
1788 1625 1974 1705 capite

116 1713 311 1794 puniti
336 1721 501 1787 sunt,
530 1713 620 1774 vel
642 1733 757 1796 qua
780 1712 891 1773 alia
920 1711 1179 1796 graviore
1207 1732 1379 1794 poena
1408 1711 1612 1774 adfecti
1637 1737 1649 1774 z
1682 1717 1973 1776 enimvero

119 1808 173 1865 si
200 1807 301 1888 qni
326 1806 396 1867 de
422 1826 527 1868 sua
548 1827 926 1890 suorumque,
946 1804 1147 1880 levius.
1171 1806 1325 1866 {nter
1350 1807 1457 1868 hos
1483 1807 1773 1870 habentur
1801 1811 1971 1872 etiam

117 1902 557 1962 vaticinatores:
595 1901 659 1962 hi
706 1921 935 1986 quoque
974 1899 1258 1983 plectendi
1299 1909 1467 1977 sunt,
1499 1903 1775 1983 quoniam
1821 1922 1974 1963 non-

118 2013 420 2077 nunquam
455 2003 655 2057 contra
696 1994 988 2076 publicam
1027 1995 1276 2077 quietem
1314 1997 1736 2078 imperiumque
1771 1996 1974 2082 populi

118 2089 367 2148 Romani
405 2087 819 2171 improbandas
856 2096 1005 2149 artes
1051 2094 1328 2149 exercent.
1415 2098 1486 2149 4.
1521 2088 1688 2147 Extat
1727 2087 1973 2171 denique

118 2181 411 2242 decretum
437 2180 552 2242 divi
576 2181 665 2242 Pii
691 2179 765 2241 ad
792 2181 1098 2256 Pacatum,
1127 2180 1382 2264 legatum
1409 2182 1717 2264 provinciae
1743 2181 1973 2267 Lugdu-

118 2277 336 2350 nensis,
370 2275 533 2357 cujus
558 2275 821 2356 rescripti
852 2274 1027 2336 verba
1057 2277 1194 2356 quia
1219 2274 1401 2335 multa
1431 2283 1592 2352 sunt,
1617 2274 1686 2336 de
1713 2273 1829 2336 fine
1849 2277 1972 2360 ejus

118 2371 197 2433 ad
220 2369 409 2432 locum
434 2369 556 2431 hoec
583 2390 766 2452 pauca
796 2369 1034 2450 subjeci.
1101 2369 1446 2452 &Denique
1473 2377 1528 2429 et
1555 2369 1719 2430 divus
1745 2369 1971 2430 Marcus

120 2485 256 2527 eum
276 2511 292 2540 ,
325 2467 424 2548 qui
460 2471 622 2526 motu
656 2465 929 2525 Cassiano
961 2463 1297 2525 vaticinatus
1330 2473 1480 2540 erat,
1510 2465 1574 2532 et,
1592 2463 1774 2526 multa
1808 2465 1973 2546 quasi

122 2581 196 2622 ex
229 2561 497 2620 instinctu
530 2559 768 2620 deorum
800 2557 1046 2632 dixerat,
1076 2559 1138 2618 in
1173 2556 1419 2618 insulam
1447 2557 1654 2640 Syrum
1683 2558 1967 2640 relegavit.

122 2664 191 2714 o.
220 2653 291 2712 Et
314 2672 452 2713 sane
487 2671 605 2713 non
645 2649 855 2711 debent
890 2652 1125 2735 impune
1158 2648 1296 2710 ferri
1328 2648 1657 2730 hujusmodi
1683 2651 1966 2725 homines,

124 2745 251 2828 qui,
275 2744 383 2806 sub
410 2745 645 2807 obtentu
680 2753 735 2805 et
769 2746 990 2809 monitu
1027 2742 1297 2818 deorum,
1329 2742 1589 2824 quoedam
1626 2742 1716 2806 vel
1751 2765 1972 2808 renun-

124 2841 304 2915 ciant,
332 2838 423 2902 vel
440 2841 683 2920 jactant,
714 2837 805 2900 vel
826 2839 1068 2905 seientes
1092 2836 1444 2918 confingunt.

647 2987 744 3058 (ax
773 3002 983 3042 cous-r.
1016 3003 1117 3040 'ri-r.
1145 3001 1224 3054 111,
1258 3000 1308 3042 c.
1344 2985 1450 3057 ιιι.)

240 3105 561 3164 nummus
597 3105 795 3163 Lumo
826 3105 949 3162 vm
983 3105 1073 3161 ΒΕ
1106 3103 1377 3160 omnio
1409 3101 1851 3162 PROCONSUHS

392 3193 509 3250 SUB
542 3193 777 3250 ‘mum
812 3191 903 3248 DE
936 3191 1343 3250 mummium
1377 3189 1682 3248 samua.

212 3321 269 3373 1.
292 3311 348 3374 Si
370 3310 637 3372 dominus
664 3311 725 3371 in
752 3330 977 3382 servum
1004 3311 1270 3387 saevierit,
1291 3309 1380 3372 vel
1397 3309 1469 3372 ad
1491 3309 1826 3392 pudicitiam
1849 3318 1966 3371 tur-
