2292 3684
362 143 508 186 auer-
539 143 685 188 naesr.
713 145 765 184 ι.
795 145 871 194 iv,
894 145 946 184 τ.
981 143 1070 185 111.
1109 143 1181 184 nu
1206 143 1349 188 uun
1370 143 1618 192 souitu.
1804 133 1909 186 539

94 256 244 304 tuum
271 253 661 308 transeuntem
685 244 979 317 occiderit,
1023 248 1072 305 si
1103 265 1283 327 prope
1309 247 1459 306 viem
1484 245 1775 328 publicum
1813 257 1911 308 eut

93 337 382 400 vicinalem
406 340 464 402 id
493 339 704 402 suetum
729 350 842 413 eet,
873 359 1058 422 neque
1083 339 1478 422 proclamavit,
1509 348 1571 400 nt
1598 361 1761 400 eunus
1790 343 1911 401 evi-

93 433 189 491 teri
217 437 426 516 poenit,
467 434 646 516 eulpoe
681 454 811 495 reue
837 435 950 506 eet3
982 437 1029 495 si
1059 433 1450 516 proclamavit,
1482 453 1587 494 nee
1615 434 1710 495 ille
1738 455 1909 494 eure-

93 528 162 584 vit
189 547 414 602 cavere,
445 539 603 590 extre
636 529 863 609 culpem
889 541 972 590 eet
999 537 1263 612 putator..
1280 529 1462 608 AEque
1490 537 1649 590 extra
1683 529 1909 610 culpem

95 640 202 681 esse
227 622 582 702 intelligitur,
611 625 661 684 ei
689 645 942 686 seorsum
971 644 1006 684 u
1028 626 1116 684 vie
1143 622 1289 683 forte
1316 622 1403 684 vel
1432 624 1492 682 in
1520 623 1705 684 medio
1732 624 1912 684 fundo

93 713 356 787 cedebat,
404 715 532 778 lieet
575 737 690 777 nen
744 716 1139 798 proclamavi&
1194 717 1329 798 quie
1374 716 1433 774 in
1483 735 1549 776 ee
1596 715 1723 776 loco
1768 715 1911 776 nulli

92 815 348 869 extraneo
369 808 466 890 jus
493 807 679 870 suerat
703 808 986 870 versandi.

157 913 224 963 α.
255 901 536 963 Proetereu
563 903 608 963 si
635 902 917 977 medicus,
951 905 1051 985 qui
1075 923 1303 964 servum
1325 912 1487 963 tuum
1514 903 1720 977 secuit,
1753 899 1911 963 dere-

90 993 304 1076 liquerit
351 999 732 1072 curationem,
774 1007 942 1080 utque
978 996 1054 1058 ob
1091 998 1149 1057 id
1188 1005 1447 1058 mortuus
1483 995 1655 1056 fuerit
1695 1016 1907 1069 servus,

89 1090 252 1171 eulpoe
277 1111 413 1152 reue
443 1101 542 1153 est.

159 1195 218 1246 v.
255 1187 544 1266 Imperitia,
571 1205 798 1268 quoque
822 1185 1000 1268 eulpae
1029 1185 1457 1258 adnumeratur,
1498 1184 1670 1245 veluti
1707 1185 1754 1244 ei
1782 1203 1911 1245 me-

91 1276 230 1337 dicus
256 1278 388 1340 ideo
417 1293 640 1340 servum
665 1287 828 1340 tuum
852 1279 1142 1352 occiderit,
1173 1278 1326 1360 quod
1348 1297 1480 1338 eum
1501 1275 1650 1337 male
1672 1279 1908 1338 secuerit

93 1377 174 1428 aut
205 1391 515 1454 perperam
543 1373 594 1432 ei
624 1367 1098 1432 medicamentum
1127 1371 1358 1433 dederit.

157 1473 217 1524 8.
247 1463 476 1545 Impetu
501 1484 728 1545 quoque
750 1463 1040 1524 mularum
1059 1509 1076 1535 ,
1103 1481 1247 1544 quae
1274 1461 1452 1524 mulio
1473 1470 1707 1544 propter
1730 1463 1909 1542 im’pe-

91 1559 260 1618 ritiam
299 1561 552 1620 retinere
595 1577 712 1618 nou
757 1561 1030 1639 potuerit,
1085 1561 1136 1618 si
1179 1577 1375 1617 servus
1430 1565 1560 1616 tuus
1603 1575 1911 1636 oppressus

95 1647 270 1724 fuerit,
309 1650 498 1732 eulpa
523 1669 651 1711 reue
685 1658 770 1709 est
786 1649 1015 1721 =muli03
1049 1649 1149 1709 eed
1180 1658 1235 1708 et
1262 1651 1311 1709 ei
1340 1658 1571 1730 propter
1602 1647 1907 1708 infirmitu-

95 1751 186 1801 1em
214 1763 306 1805 eae
343 1745 590 1806 retinere
625 1763 742 1814 nou
770 1745 1044 1824 potuerit,
1079 1763 1211 1803 eum
1245 1742 1390 1803 alius
1416 1742 1638 1802 firmior
1664 1743 1909 1802 retinere

94 1839 366 1914 potuisset,
415 1855 572 1918 aeque
610 1835 791 1918 culpae
827 1845 1064 1896 tenetur.
1107 1835 1321 1896 Eadem
1356 1835 1693 1917 placuerunt
1733 1834 1803 1895 de
1838 1817 1936 1894 eo'

94 1949 296 2012 quoque
350 1930 487 2012 qui,
557 1948 687 1989 eum
737 1949 882 2012 equo
925 1928 1253 2004 veheretur,
1308 1931 1589 2010 impetum
1636 1931 1759 2009 ejus
1809 1935 1907 1988 aut

95 2032 304 2103 propter
323 2021 748 2094 infirmitatem,
785 2029 882 2083 eut
905 2029 1142 2104 propter
1166 2023 1513 2120 imperitiam
1538 2041 1735 2093 uuam,
1764 2023 1903 2081 reti-

92 2133 206 2176 nere
231 2136 348 2176 non
377 2118 651 2198 potnerit.

202 2211 370 2271 ‚nis
409 2216 598 2270 eutem
635 2203 822 2268 verbis
863 2205 1028 2290 legis,
1066 2222 1253 2277 Quem
1290 2225 1345 2266 ue
1392 2225 1463 2267 no
1506 2223 1644 2266 auno
1686 2223 1903 2266 renunt

93 2319 279 2377 marr,
300 2303 404 2363 illu
428 2302 705 2364 sententia
723 2301 1075 2382 exprimitur,
1099 2310 1164 2360 nt
1180 2302 1229 2360 si
1248 2303 1375 2381 quie
1394 2300 1687 2361 hominem
1708 2306 1899 2372 tuum,

92 2397 174 2474 qui
195 2396 360 2459 hodie
388 2395 656 2470 claudus,
683 2404 781 2455 aut
805 2415 1078 2468 mancus,
1112 2402 1210 2455 aut
1234 2394 1424 2454 luscus
1448 2395 1580 2468 erit,
1613 2393 1899 2464 occiderit,

94 2491 176 2568 qui
200 2491 260 2550 in
285 2511 351 2552 eo
380 2510 536 2550 anno
562 2491 782 2570 integer
801 2497 856 2552 et
882 2489 1162 2569 pretiosus
1191 2488 1378 2560 fuerit,
1406 2506 1523 2546 non
1548 2489 1692 2546 tanti
1710 2493 1904 2546 teneu-

93 2593 170 2643 tur
193 2589 388 2668 quanti
413 2583 584 2645 hodie
619 2584 754 2658 erit,
786 2581 884 2642 sed
913 2585 1112 2664 quenti
1137 2585 1199 2642 in
1233 2603 1301 2643 eo
1329 2603 1481 2642 anno
1514 2580 1747 2663 plurimi
1776 2580 1900 2641 sue-

93 2679 166 2738 rit.
213 2679 334 2751 Qua
372 2681 590 2740 ratione
631 2627 905 2737 creditum
941 2685 1024 2736 eet
1069 2674 1352 2760 poenalem
1389 2695 1511 2737 esse
1552 2675 1723 2759 hujus
1761 2673 1903 2755 legis

95 2775 372 2848 actionem,
399 2775 533 2855 quia
553 2791 668 2832 non
689 2767 874 2832 solum
891 2773 1034 2830 tanti
1055 2774 1291 2853 quisque
1315 2769 1601 2851 obligatur
1620 2778 1899 2850 quantum

96 2863 266 2926 damni
287 2867 532 2939 dederit,
560 2865 656 2926 sed
676 2865 979 2947 aliquando
995 2865 1164 2947 longe
1184 2864 1364 2946 pluris
1387 2885 1401 2923 t
1426 2864 1665 2944 ideoque
1684 2869 1903 2923 constet

95 2957 144 3016 in
175 2959 432 3022 heredem
467 2981 594 3021 eam
631 2961 908 3020 actionem
958 2979 1073 3018 non
1110 2960 1385 3031 transire,
1432 2977 1555 3039 quae
1593 2958 1899 3019 transiture

98 3049 290 3132 ruisset,
321 3059 370 3118 ei
396 3055 546 3118 ultra
573 3055 845 3115 damnum
873 3073 1171 3136 nunquam
1198 3053 1268 3113 lis
1298 3053 1683 3114 animaretur.
