2292 3684
411 162 516 218 266
551 176 670 219 em
695 175 840 221 msr.
879 176 931 235 c:²
957 176 1021 235 ιι,
1061 163 1121 229 ss
1152 136 1415 223 ⁴522455.
1454 176 1528 219 na
1555 176 1761 219 nam.
1790 174 1962 225 oen..
1996 172 2071 217 ιτ
2094 172 2201 215 nm

491 1154 649 1205 151.
684 1142 926 1205 Heredes
955 1152 1142 1205 autem
1171 1149 1269 1205 aut
1296 1140 1598 1203 necessarii
1624 1140 1921 1217 dicuutur,
1948 1151 2053 1205 aut
2080 1144 2161 1203 sui
2186 1160 2201 1199 ε

411 1238 745 1309 necessarii,
777 1246 874 1299 aut
900 1236 1176 1301 extranei.

495 1340 652 1390 158.
687 1330 1043 1390 Necessarius
1069 1328 1233 1389 heres
1260 1336 1344 1389 est
1380 1346 1575 1389 servus
1610 1346 1741 1388 cum
1780 1326 2051 1389 libertate
2085 1328 2201 1389 here

409 1424 716 1495 institutus,
746 1422 871 1483 ideo
898 1424 978 1483 sie
1007 1421 1355 1504 appellatus,
1396 1423 1530 1503 quia
1568 1423 1682 1481 sive
1718 1420 1879 1493 velit,
1916 1424 2038 1483 sive
2078 1420 2201 1481 nolit

412 1514 740 1575 omnimodo
768 1524 895 1596 post
930 1524 1171 1575 mortem
1208 1515 1490 1575 testatoris
1526 1516 1786 1595 protinus
1812 1512 1967 1573 liber
1990 1523 2049 1573 et
2088 1512 2201 1573 hem

413 1618 512 1671 est.
603 1620 763 1673 154.
793 1609 947 1671 Unde
975 1611 1072 1691 qui
1100 1609 1392 1670 facultates
1421 1628 1552 1669 suas
1583 1617 1872 1692 suspectas
1890 1609 2085 1681 habet,
2111 1606 2201 1675 solt„

413 1722 638 1764 servum
665 1704 852 1785 primo
881 1710 979 1761 aut
1006 1701 1254 1762 seeundo
1279 1700 1367 1761 vel
1397 1702 1567 1762 etiam
1594 1700 1863 1762 ulteriore
1890 1702 2076 1785 gradu
2104 1700 2201 1761 libe

411 1814 542 1857 rum
582 1806 636 1857 et
677 1795 943 1856 heredem
985 1796 1309 1870 instituere,
1351 1803 1441 1869 ut,
1474 1797 1521 1855 si
1558 1796 1931 1856 oreditoribus
1964 1795 2100 1855 setis
2130 1812 2193 1853 no

413 1888 543 1963 fiat,
604 1890 792 1971 potius
834 1888 1008 1968 hujus
1049 1887 1274 1947 heredis
1321 1907 1492 1968 quam
1538 1890 1716 1971 ipsius
1760 1890 2047 1952 testatoris
2098 1886 2198 1945 bon

412 1990 684 2055 veneant,
717 1980 774 2041 id
803 1988 917 2053 est,
951 1991 1011 2039 ut
1035 1982 1381 2063 ignominia,
1419 2000 1541 2062 quae
1571 1981 1785 2042 accedit
1818 2003 1891 2042 ex
1928 1981 2198 2045 vendition

397 2072 728 2148 'bonon-um,
766 2074 920 2134 hune
949 2076 1131 2156 potius
1163 2072 1459 2143 heredem,
1490 2094 1664 2155 quem
1698 2076 1890 2155 ipsum
1924 2085 2199 2136 testatorem

415 2170 705 2250 contingat
733 2190 748 2226 :
779 2187 1127 2249 quemquam
1158 2166 1310 2248 apud
1340 2166 1623 2227 Fufidium
1651 2166 1863 2229 Sabino
1891 2170 2113 2253 placeat
2133 2162 2199 2225 exi

415 2260 685 2321 mendum
733 2279 865 2319 eum
901 2278 1022 2319 esse
1056 2260 1399 2339 ignominie,
1444 2260 1579 2339 quia
1626 2280 1743 2319 non
1788 2282 1893 2322 suo
1936 2264 2103 2334 vitio,
2147 2264 2199 2317 se

415 2355 743 2415 necessitate
764 2354 914 2433 juris
943 2352 1229 2413 bonorum
1256 2350 1633 2413 venditionem
1664 2364 1987 2437 pateram-3
2012 2354 2105 2417 sed
2130 2350 2199 2429 ali}

408 2447 540 2528 jure
583 2445 810 2507 utimur.
904 2456 1070 2508 155.
1102 2446 1211 2506 Pro
1246 2444 1355 2507 hoc
1396 2454 1585 2506 temen
1620 2448 1983 2510 incommodo
2017 2446 2148 2507 iliud
2184 2438 2199 2503 d

415 2538 774 2600 commodum
799 2546 1122 2621 praestatur,
1147 2546 1213 2597 ut
1234 2558 1303 2597 ea
1328 2557 1452 2620 quoe
1476 2545 1604 2621 post
1626 2549 1866 2600 mortem
1888 2541 2109 2622 patroni
2133 2534 2197 2596 sii

418 2632 774 2714 adquisierit,
809 2632 922 2691 sive
959 2640 1088 2690 ante
1129 2629 1412 2691 bonorum
1451 2629 1831 2695 venditionem
1868 2635 1984 2695 sive
2024 2640 2197 2715 postes

419 2728 528 2809 ipsi
549 2732 924 2785 reserventur.
961 2724 1029 2783 Et
1059 2726 1315 2805 quamvis
1340 2744 1447 2805 pro
1474 2728 1733 2804 portione
1759 2726 1914 2786 bona
1940 2725 2197 2787 venierint

417 2824 623 2881 iterum
655 2841 722 2879 ex
751 2815 1093 2878 hereditaria
1120 2838 1289 2879 causa
1316 2818 1471 2879 bona
1494 2821 1617 2899 ejus
1646 2839 1760 2880 nou
1780 2822 2031 2891 venient,
2064 2818 2197 2877 nisis

419 2914 552 2996 quid
592 2917 644 2974 ei
686 2933 754 2972 ex
796 2911 1138 2972 hereditaria
1174 2932 1345 2973 cause
1380 2910 1549 2973 fuerit
1588 2912 1931 2996 adquisitum
1954 2962 1968 2987 ,
2008 2912 2147 2973 velut
2182 2924 2197 2967 ε

421 3010 520 3089 (ια.-
559 3028 623 3068 eo
653 3006 827 3090 quod)
873 3006 1106 3069 Latinus
1142 3006 1499 3089 adquisierit,
1537 3007 1874 3091 locupietior
1909 3011 2085 3070 factus
2118 3005 2196 3079 sit,

417 3123 546 3163 cum
575 3111 893 3163 eeteros-um
915 3100 1212 3161 hominnm
1236 3121 1477 3182 quorum
1501 3100 1655 3163 bona
1681 3106 1955 3165 venierint
1981 3122 2080 3186 pro
2108 3110 2197 3180 por

417 3200 595 3267 tione,
626 3198 672 3256 si
702 3196 837 3278 quid
869 3206 1063 3276 postea
1087 3196 1416 3279 adquirant,
1445 3198 1615 3258 etiam
1640 3200 1843 3283 saepius
1870 3217 2063 3260 eorum
2090 3194 2194 3255 bon

421 3290 613 3348 venire
641 3288 874 3349 soleant.
