2292 3684
424 137 633 181 sumac.
672 139 877 182 tason.
919 139 997 183 ιιι
1032 140 1396 182 contu-iona.
1435 141 1662 184 umam.
1861 133 1964 188 853

116 241 317 303 bestiis
344 239 551 324 subjici
576 241 760 304 solent
790 266 803 302 ε
835 243 881 303 si
908 245 969 303 in
997 241 1194 325 aliquo
1220 243 1400 326 gradu
1431 252 1486 305 et
1509 245 1702 305 Romoe
1726 244 1786 305 id
1815 247 1966 307 sece-

116 345 287 408 runt,
336 337 518 417 capita
556 335 860 416 puniendi,
916 345 1013 396 aut
1057 346 1208 396 certe
1265 337 1714 418 (deportationis
1751 347 1960 421 poena)

114 428 419 490 adficiendi
449 439 581 489 sunt
609 431 707 510 qui
734 429 853 490 haec
890 432 1267 491 committunt.
1324 441 1393 490 D.
1435 430 1543 491 Sed
1581 435 1657 507 ei,
1710 437 1809 515 qui
1849 454 1966 494 non

114 519 255 581 data
280 541 456 604 opera
480 521 809 582 incendium
844 522 1066 595 fecerit,
1110 521 1446 603 plerumque
1480 525 1819 607 ignoscitur,
1857 529 1968 588 nisi

112 615 181 674 in
210 613 327 676 lata
353 625 407 677 et
432 617 662 677 incauta
689 614 1031 697 negligentia
1060 614 1145 674 vel
1174 615 1404 676 lascivia
1432 617 1556 679 fuit.

563 831 661 901 (ax
688 845 896 887 contar.
930 847 1031 885 ‘rx-r.
1064 847 1157 897 κα,
1189 847 1238 886 c.
1267 847 1362 898 vu,
1392 833 1528 903 vui.)

212 990 535 1048 ULPIANUS
570 990 767 1048 LIBRO
803 991 922 1047 VIII
958 992 1049 1047 DE
1083 990 1356 1047 OFFICIO
1391 989 1838 1051 PROCONSULIS
1852 1037 1867 1064 ‚

586 1083 598 1092 ’
626 1086 743 1144 SUB
776 1084 1010 1141 TITULO
1045 1086 1135 1141 DE
1173 1085 1448 1142 ABIGEIS.

212 1263 275 1313 Ι.
322 1251 405 1312 De
440 1250 655 1332 abigeis
690 1251 996 1332 puniendis
1023 1252 1103 1310 ita
1131 1249 1292 1311 divus
1330 1249 1655 1311 Hadrianus
1683 1253 1970 1334 rescripsit

120 1343 360 1407 concilio
396 1345 647 1405 Baeticae:
690 1367 717 1398 α
746 1342 953 1425 Abigei
992 1363 1121 1404 cum
1160 1342 1463 1403 durissime
1505 1345 1851 1425 puniuntur,
1895 1347 1966 1406 ad

120 1465 145 1492 n
186 1435 438 1520 gladium
488 1435 751 1496 damnari
800 1435 985 1496 solent
1027 1457 1041 1494 ε
1080 1436 1404 1517 puniuntur
1438 1443 1627 1495 autem
1665 1435 1967 1497 durissime

124 1557 148 1586 n
186 1549 306 1590 non
336 1530 565 1611 ubique,
590 1526 689 1589 sed
712 1527 812 1588 ubi
839 1526 1194 1608 frequentius
1223 1536 1305 1587 est
1333 1525 1442 1587 hoc
1469 1547 1648 1608 genus
1674 1527 1963 1603 maleficii,

122 1651 147 1679 n
189 1624 442 1705 alioquin
471 1632 525 1683 et
550 1625 610 1682 in
639 1642 805 1704 opus,
829 1630 884 1682 et
912 1640 1331 1702 nonnunquam
1360 1623 1771 1702 temporarium
1800 1622 1965 1682 dam-

126 1743 153 1773 „
184 1727 417 1779 nautur.
477 1729 545 1778 D.
578 1717 820 1799 Ideoque
847 1725 987 1796 puto
1013 1713 1168 1796 apud
1197 1733 1292 1774 vos
1320 1735 1548 1795 quoque
1577 1715 1837 1777 sufficere
1865 1738 1965 1799 ge-

122 1837 145 1866 n
185 1831 296 1871 nus
328 1831 534 1893 poenae,
568 1809 721 1893 quod
750 1809 998 1870 maximo
1033 1807 1170 1867 huic
1197 1805 1475 1868 maleficio
1507 1810 1762 1892 inrogari
1789 1809 1958 1882 solet,

124 1931 148 1959 n
184 1912 249 1964 ut
276 1904 347 1964 ad
376 1904 628 1986 gladium
666 1904 853 1985 abigei
888 1903 1128 1974 dentur;
1171 1909 1269 1962 aut
1304 1903 1354 1961 ai
1389 1904 1516 1983 quis
1553 1913 1672 1964 tam
1705 1911 1873 1966 notus
1912 1913 1966 1966 et

120 2022 144 2052 a
183 2007 303 2058 tam
344 2001 531 2080 gravis
570 2001 631 2058 in
674 1997 956 2080 abigendo
996 1996 1132 2070 fuit,
1179 2001 1242 2056 ut
1278 1998 1438 2078 prius
1478 2016 1546 2057 ex
1584 1995 1691 2059 hoc
1725 2001 1964 2060 crimine

118 2121 143 2149 n
184 2093 379 2175 aliqua
418 2113 587 2176 poena
616 2093 871 2154 adfectus
906 2095 1014 2167 sit,
1045 2091 1200 2153 hunc
1227 2095 1288 2150 in
1319 2091 1616 2152 metallum
1636 2092 1764 2153 dari
1789 2114 1965 2176 opor·
2081 2159 2088 2167 ,

122 2215 147 2242 n
186 2197 324 2250 tere.
354 2215 379 2244 n
434 2195 504 2248 8.
539 2189 894 2267 Rescriptum
924 2186 1035 2246 divi
1065 2183 1342 2245 Hadriani
1377 2187 1459 2247 sic
1493 2185 1770 2268 loquitur,
1803 2190 1964 2268 quasi

115 2285 345 2364 gravior
370 2299 541 2364 poena
571 2282 644 2340 sit
668 2278 885 2340 metalli
912 2301 925 2337 :
959 2279 1068 2336 nisi
1108 2276 1256 2337 sorte
1298 2275 1408 2339 hoc
1451 2280 1627 2338 sensit
1653 2276 1815 2338 divus
1847 2279 1963 2338 Ha-

116 2377 370 2452 drianus,
395 2374 581 2457 gladii,
598 2392 827 2455 poenam
857 2371 1113 2445 dicendo,
1137 2371 1258 2430 ludi
1284 2369 1732 2433 damnationem.
1777 2383 1848 2434 4.
1867 2373 1966 2433 Est

116 2479 312 2531 autem
347 2468 669 2530 differentia
709 2469 859 2527 inter
884 2485 981 2526 eos
1012 2466 1113 2546 qui
1140 2465 1212 2524 ad
1243 2462 1523 2546 gladium,
1551 2473 1605 2525 et
1633 2485 1729 2525 eos
1759 2465 1859 2547 qui
1892 2465 1963 2525 ad

113 2562 317 2623 ludum
358 2561 723 2622 damnantur.
768 2560 911 2619 Nam
960 2557 1030 2618 ad
1066 2557 1322 2639 gladium
1365 2557 1618 2618 damnati
1665 2556 1964 2618 confestim

116 2665 562 2730 consumuntur,
610 2654 698 2716 vel
752 2661 901 2714 certe
946 2654 1095 2710 intra
1140 2670 1356 2711 anuum
1403 2649 1612 2712 debent
1655 2652 1958 2722 consumi3

116 2749 226 2811 hoc
263 2752 418 2810 enim
457 2747 739 2809 mandatis
785 2747 1119 2806 continetur.
1167 2745 1470 2804 Enimvero
1516 2745 1614 2824 qui
1661 2745 1720 2803 in
1762 2743 1960 2804 ludum

112 2843 491 2916 damnantur,
524 2861 642 2901 non
676 2841 871 2921 utique
898 2845 1342 2907 consumuntur3
1386 2834 1483 2896 sed
1523 2838 1692 2896 etiam
1725 2836 1955 2917 pileati,

115 2946 169 2997 et
216 2936 418 2996 rudem
460 2936 715 3016 accipere
750 2941 989 3014 possunt
1032 2939 1162 3012 post
1201 2928 1597 3000 intervallum;
1643 2931 1693 2988 si
1729 2930 1958 3011 quidem

114 3038 244 3112 post
278 3031 738 3111 quinquennium
764 3025 992 3108 pileati,
1037 3032 1167 3107 post
1198 3025 1508 3084 triennium
1538 3031 1726 3083 autem
1757 3024 1958 3086 rudem

112 3125 351 3184 induere
388 3125 469 3184 eis
496 3123 854 3204 permittitur.
901 3131 965 3181 5.
992 3119 1204 3180 Eodem
1231 3120 1504 3199 rescripto
1542 3115 1652 3177 divi
1685 3117 1958 3178 Hadriani

114 3218 541 3300 diligentissime
590 3233 917 3298 expressum
966 3222 1077 3286 est,
1142 3233 1260 3276 non
1316 3211 1531 3294 ubique
1583 3230 1810 3298 parem!
1835 3232 1958 3273 esse

118 3331 347 3392 poenam
374 3309 723 3392 abigeorum.
1604 3399 1672 3453 ⁴8
