2292 3684
226 200 1102 377 FRAGMENTA
1187 267 1948 374 VATICANA.

766 706 837 749 ΕΣ
876 705 1053 749 m
1088 706 1156 749 BT
1193 704 1439 749 limno-

257 856 375 876 .....
398 822 459 873 Ι.
494 812 610 891 Qui
627 830 669 874 a
687 811 927 875 muliere
954 814 1079 873 sine
1102 814 1306 873 tutoris
1336 814 1664 873 auctoritate
1691 814 1872 875 sciens
1901 835 2022 876 rem

178 908 430 987 mancipi
475 908 637 981 emit,
680 908 771 968 vel
810 907 957 968 falso
999 916 1187 969 tutore
1229 914 1487 980 auctore,
1528 928 1698 990 quem
1743 911 1868 970 sciit
1907 930 2024 971 non

180 1018 330 1075 esse,
358 1018 477 1060 non
504 1000 726 1061 videtur
751 1000 909 1063 bona
938 1001 1049 1062 fide
1076 1004 1318 1073 emiss03
1351 1004 1543 1083 itaque
1579 1008 1635 1061 et
1668 1010 1880 1064 veteres
1908 1024 2021 1084 pu-

178 1102 329 1167 tant,
361 1103 416 1154 et
452 1092 701 1155 Sabinus
727 1104 782 1155 et
807 1095 1034 1156 Cassius
1074 1096 1353 1157 scribunt.
1385 1094 1574 1155 Labeo
1603 1094 1833 1176 quidem
1865 1104 2027 1178 puta-

181 1185 280 1245 bat
308 1206 415 1248 nee
441 1206 548 1268 pro
580 1196 837 1270 emptore
864 1209 995 1250 eum
1025 1188 1344 1270 possidere,
1374 1187 1473 1248 sed
1512 1208 1617 1268 pro
1656 1208 1979 1269 possessore
2004 1213 2020 1263 ς

178 1280 451 1342 Proculus
477 1290 533 1341 et
559 1281 753 1343 Celsus
783 1301 888 1363 pro
917 1290 1198 1363 emptore,
1231 1281 1384 1363 quod
1419 1292 1502 1342 est
1531 1284 1716 1343 verius
1745 1304 1758 1341 ε
1793 1302 1932 1341 nam
1969 1290 2024 1342 et

178 1376 396 1436 fructus
432 1396 565 1437 suos
602 1376 765 1451 facit,
796 1379 933 1459 quia
974 1376 1186 1439 scilieet
1230 1376 1517 1439 voluntate
1557 1376 1801 1437 dominae
1837 1380 2028 1459 perei-

181 1473 303 1551 pit3
336 1478 391 1529 et
418 1468 622 1530 mulier
662 1472 786 1531 sine
822 1473 1022 1531 tutoris
1062 1472 1394 1531 auctoritate
1431 1471 1844 1551 possessionem
1887 1470 2030 1533 alie·
2075 1476 2078 1482 '

180 1582 321 1625 nare
358 1572 559 1646 potest.
590 1550 854 1625 Julianus
894 1574 1128 1646 propter
1164 1564 1514 1625 Rutilianam
1547 1566 2024 1637 constitutionem,

180 1678 313 1719 eum
351 1660 449 1741 qui
478 1661 721 1739 pretium
752 1658 981 1719 mulieri
1016 1658 1280 1731 dedisset,
1317 1660 1486 1719 etiam
1523 1678 1868 1738 usucapere3
1900 1667 1955 1719 et
1979 1660 2030 1718 si
2113 1732 2126 1749 .

182 1760 313 1812 ante
342 1753 748 1833 usucapionem
777 1752 984 1812 offerat
1010 1751 1222 1811 mulier
1247 1753 1577 1831 pecuniam,
1608 1750 1864 1810 desinere
1896 1770 2028 1811 eum

182 1866 514 1928 usucapere.
1678 1876 1686 1884 ·

262 1951 331 2001 9.
364 1940 425 2000 P.
456 1939 557 2000 lib.
591 1938 689 2001 111.
721 1939 785 1999 R.
815 1940 900 2015 (1)
930 1938 1122 1999 Usuroe
1151 1938 1427 1999 venditori
1456 1947 1583 2019 post
1611 1936 1874 1998 traditam
1904 1956 2032 2019 pos·

182 2036 493 2095 sessionem
533 2032 772 2093 arbitrio
802 2032 1015 2114 judicis
1054 2042 1425 2114 proestantur3
1457 2040 1588 2093 ante
1621 2030 1884 2092 traditam
1929 2052 2033 2093 au-

182 2138 297 2189 tem
331 2129 745 2210 possessionem
775 2130 1019 2209 emptori
1049 2148 1280 2209 quoque
1309 2126 1526 2187 fructus
1564 2128 1645 2186 rei
1679 2129 1798 2186 viee
1833 2135 2034 2186 mutua

184 2220 428 2304 prseberi
454 2241 682 2281 necesse
708 2228 795 2281 est
819 2243 833 2280 ε
863 2224 924 2279 in
954 2228 1156 2281 neutro
1183 2240 1346 2280 mora
1382 2217 1851 2279 considerabitur.

264 2328 333 2379 8.
362 2314 631 2376 Venditor
667 2315 767 2395 qui
808 2312 992 2394 legem
1030 2314 1481 2374 commissoriam
1517 2332 1778 2373 exercere
1819 2312 2029 2385 noluit,

182 2410 259 2471 ob
287 2407 578 2469 residuum
609 2408 857 2488 pretium
870 2406 1091 2485 judicio
1110 2404 1322 2465 venditi
1353 2415 1500 2466 reete
1529 2406 1672 2486 agit3
1697 2424 1811 2485 quo
1841 2416 2031 2464 secuto

182 2504 293 2583 legi
320 2503 710 2562 renuntiatum
736 2498 975 2559 videtur.

264 2606 338 2656 4.
372 2595 481 2666 Qui
509 2593 599 2654 die
621 2600 908 2654 trausacto
937 2591 1120 2672 legem
1151 2592 1600 2652 commissoriam
1633 2610 1894 2652 exercere
1921 2612 2031 2652 no-

183 2688 318 2763 luit,
350 2696 547 2769 postea
573 2688 795 2747 variare
822 2704 939 2744 non
972 2694 1173 2764 potest.

265 2793 338 2843 5.
381 2782 520 2862 Pap.
568 2778 675 2841 lib.
722 2778 821 2841 m.
872 2779 996 2838 Res.
1046 2777 1188 2837 AE'de
1230 2796 1390 2837 sacra
1433 2786 1592 2836 terroe
1641 2786 1798 2838 motu
1847 2778 2034 2840 diruta

184 2874 343 2937 locus
374 2872 597 2936 oedifieii
623 2891 739 2931 non
768 2879 853 2931 est
883 2870 1190 2950 profanus,
1224 2878 1278 2929 et
1303 2870 1432 2929 ideo
1460 2872 1652 2930 venire
1681 2890 1798 2930 non
1830 2880 2027 2952 potest.

266 2982 337 3033 ο.
382 2967 589 3029 Mulier
624 2986 847 3046 servam
893 2985 961 3025 ea
1006 2964 1130 3046 lege
1168 2963 1444 3039 vendidit,
1491 2972 1551 3025 ut
1597 2968 1643 3025 si
1685 2965 1924 3027 redisset
1961 2968 2026 3025 *in

188 3084 315 3126 eam
363 3064 676 3134 civitatem,
724 3059 875 3119 unde
923 3058 1137 3141 placuit
1183 3060 1504 3139 exportari,
1551 3080 1754 3121 manus
1805 3060 2033 3139 injectio

187 3166 347 3220 esset.
385 3158 651 3217 Manente
693 3153 919 3215 vinculo
964 3154 1247 3213 servitutis
1292 3156 1338 3212 si
1385 3153 1640 3226 redierit,
1678 3174 1802 3234 quoe
1845 3154 2035 3213 vendi-

684 3294 1129 3302 --..---.-———---———-—
1144 3294 1196 3301 --
1207 3295 1236 3301 --
1253 3295 1264 3300 -
1345 3295 1396 3301 ---
1439 3294 1468 3301 -ο-
1503 3296 1510 3299 -
1544 3296 1552 3300 -
1565 3298 1570 3300 .
1583 3297 1588 3300 ‚
1685 3296 1690 3301 ⁷
1703 3296 1715 3302 -
1758 3297 1782 3302 --
1829 3296 1844 3301 -
1864 3296 1890 3301 --
1957 3290 2016 3302 o-

251 3360 323 3425 (Ι)
354 3360 635 3425 Papinianus
658 3358 741 3407 lib.
768 3358 851 3409 111.
882 3358 1246 3421 Respousorum.
