2292 3684
251 127 398 203 sim.
426 158 569 204 mar.
600 160 656 202 1..
685 160 774 217 m,
801 160 858 201 τ.
881 158 1003 201 xiv.
1043 158 1194 208 onia.
1224 158 1358 199 ιιοιι.
1389 156 1461 198 aa
1488 156 1687 199 com-a.
1716 156 1903 202 onata.
1945 146 2049 202 437

309 569 375 620 1.
407 556 460 618 Is
489 576 714 639 quoque
742 559 840 641 qui
865 578 982 619 non
1011 558 1264 619 debitum
1292 559 1507 640 accepit
1525 556 1599 616 ab
1626 578 1693 624 eo
1718 558 1815 641 qui
1844 580 1947 640 per
1973 580 2059 620 er-

225 670 416 712 rorem
450 648 640 721 solvit,
684 669 746 711 re
781 648 1089 731 obligatum
1141 650 1421 729 daturque
1466 653 1653 731 agenti
1690 660 1889 711 contra
1927 658 2058 713 enm

225 750 460 824 propter
485 744 876 823 repetitionem
902 743 1225 803 condictitia
1258 744 1434 814 actio;
1462 762 1595 802 nam
1632 742 1865 824 perinde
1892 743 1965 804 ab
1994 762 2061 805 eo

224 834 444 895 condici
472 843 680 914 potest,
716 852 762 897 ει
799 854 1095 897 vaanenu
1129 834 1287 897 nane
1311 852 1604 909 oront-aaa,
1630 855 1695 895 ac
1724 837 1771 896 si
1802 845 2062 899 mutuum

224 929 546 1007 accepisset.
573 926 727 987 Unde
760 925 1042 1008 pupillus,
1071 928 1193 986 aiei
1220 929 1341 995 sine
1368 930 1568 987 tutoris
1589 929 1917 988 auctoritate
1946 948 2063 991 non

225 1020 478 1079 debitum
519 1039 621 1101 per
665 1039 915 1080 errorem
959 1017 1156 1081 datum
1197 1018 1307 1091 est,
1347 1040 1469 1091 non
1510 1019 1793 1079 tenebitur
1826 1019 2065 1081 indebiti

227 1114 610 1187 condictione,
637 1117 818 1195 magis
847 1135 1019 1197 quam
1061 1116 1241 1175 mutui
1283 1113 1525 1174 datione.
1557 1113 1666 1174 Sed
1696 1113 1821 1179 haec
1846 1116 2061 1195 species

226 1206 587 1287 obligationis
630 1227 746 1267 non
782 1208 1000 1269 videtur
1037 1228 1105 1268 ex
1147 1217 1437 1267 contractu
1476 1210 1809 1281 consistere,
1850 1226 1985 1269 cum
2016 1209 2065 1266 ia

225 1300 322 1377 qni
345 1298 598 1359 solvendi
625 1302 816 1361 animo
836 1300 930 1359 dat
943 1302 1167 1381 ,magis
1200 1298 1510 1403 distrahere
1534 1299 1711 1359 voluit
1738 1301 2057 1380 negotium,

229 1411 401 1471 quam
427 1390 785 1453 contrahere.

229 2114 378 2193 2-1».
409 2116 594 2178 ltem'
573 2136 626 2177 is
661 2118 752 2177 cui
777 2136 871 2177 res
905 2117 1100 2205 aliqua
1127 2117 1349 2178 utenda
1364 2116 1561 2189 datur,
1590 2116 1653 2177 id
1689 2126 1772 2177 est
1806 2136 2064 2178 commo-

233 2210 426 2283 datur,
459 2231 522 2271 re
549 2203 866 2295 obligatur,
899 2219 954 2271 et
985 2220 1206 2273 tenetur
1242 2210 1581 2273 commodati
1617 2212 1849 2271 actione.
1888 2210 2039 2273 Sed
2022 2234 2070 2273 ia

231 2304 307 2367 ab
339 2326 407 2369 eo
437 2307 535 2387 qui
565 2312 827 2365 mutuum
858 2308 1102 2387 accepit,
1133 2305 1302 2387 longe
1343 2304 1545 2377 distat·
1572 2324 1821 2387 namque
1847 2325 1961 2366 non
1989 2308 2067 2365 ita

233 2417 328 2460 ras
353 2397 522 2460 datur
547 2406 608 2457 nt
647 2398 780 2476 ejus·
807 2396 938 2469 fiat,
969 2406 1024 2459 et
1061 2395 1136 2456 ob
1168 2397 1225 2458 id
1264 2396 1333 2457 de
1368 2417 1435 2458 ea
1473 2418 1537 2455 re
1571 2399 1697 2477 ipsa
1728 2399 2071 2459 restituenda

231 2500 476 2551 tendur.
497 2491 570 2551 Et
595 2494 647 2551 ia
673 2490 900 2570 quidem
927 2493 1026 2571 qui
1047 2498 1313 2551 mutuum
1340 2492 1573 2569 accepit,
1604 2491 1653 2549 si
1680 2490 1933 2572 quolibet
1962 2492 2074 2553 for-

235 2586 382 2645 tuito
405 2602 540 2644 casn
583 2586 836 2645 amiserit
873 2585 1023 2665 quod
1055 2587 1296 2665 accepit,
1342 2582 1515 2644 veluti
1550 2585 1842 2654 incendio,
1874 2589 2069 2659 ruina,

227 2676 540 2759 naufragio
585 2687 681 2737 ant
715 2678 1000 2738 latronum
1039 2676 1357 2737 hostiumve
1396 2679 1661 2749 incursu,
1704 2678 2075 2753 nihilominus

233 2768 524 2853 obligatus
553 2780 848 2853 permanet
879 2793 890 2829 :
921 2780 976 2830 at
1003 2774 1051 2830 is
1079 2772 1181 2853 qui
1208 2770 1479 2831 utendum
1509 2771 1750 2861 accppst,
1779 2790 1916 2833 sane
1944 2774 2072 2852 qui-

235 2864 366 2927 dem
389 2872 645 2926 exactam
673 2863 1020 2943 diligentiam
1049 2863 1423 2924 custodiendae
1442 2863 1521 2923 rei
1542 2872 1805 2943 praestare
1819 2862 2071 2942 jubetur,

235 2976 344 3019 nee
379 2956 596 3019 sufficit
618 2960 674 3017 >ei
707 2966 924 3019 tantam
955 2955 1309 3039 diligentiam
1336 2955 1685 3029 adhibuisse,
1718 2965 1987 3037 quantam
2012 2960 2075 3019 in

231 3052 353 3110 suis
385 3050 568 3112 rebna
605 3048 874 3111 adhibere
914 3048 1115 3111 solitus
1141 3060 1254 3123 eat,
1296 3050 1345 3108 si
1384 3048 1555 3108 modo
1582 3048 1729 3109 alins
1756 3047 2078 3131 diligentior

229 3144 447 3224 poterit
473 3162 598 3203 eam
628 3162 750 3202 rem
777 3141 1086 3213 custodire3
1121 3141 1217 3201 sed
1248 3148 1479 3220 propter
1500 3143 1777 3220 maJ'orem
1808 3141 1921 3199 vim
1951 3161 2075 3201 ma-

223 3238 456 3317 joresve
484 3254 646 3296 casus
676 3255 789 3294 nou
820 3244 1061 3306 tenetur,
1089 3235 1134 3293 si
1166 3232 1334 3292 modo
1360 3254 1473 3293 non
1502 3232 1675 3313 hujus
1705 3236 1882 3313 ipsius
1903 3233 2075 3315 culpa

233 3332 289 3389 ia
313 3348 478 3391 casua
491 3331 873 3390 intervenerit.
909 3326 1230 3408 Alioqui‚·si
1260 3326 1317 3386 id
1347 3326 1497 3406 quod
1525 3328 1629 3385 tibi
1656 3326 2071 3387 commodatum
