2292 3684
492 120 647 162 ws'r.
680 120 821 161 lssr.
865 120 915 161 1..
946 120 1032 175 w,
1082 118 1135 160 τ.
1164 118 1242 160 vt.
1285 118 1730 187 sammonicus
1861 120 1866 133 ·
1937 107 2042 161 585

200 220 515 296 conducto,
559 224 916 305 negotiorum
944 232 1264 303 gestorum,
1306 220 1588 292 mandati,
1631 222 1896 303 depositi,
1937 240 2042 301 pro

197 308 371 389 socio,
395 314 600 405 tuteloe,
629 315 989 389 commodati,
1012 316 1395 397 pignoratitia,
1426 314 1652 375 familioe
1673 315 2036 387 erciscundae,

198 410 493 469 communi
526 408 861 485 dividundo,
897 409 1239 491 proescriptis
1272 407 1460 468 verbis
1497 428 1620 488 quae
1663 408 1732 468 de
1773 410 2044 469 aestimato

197 504 561 584 proponitur,
590 510 644 564 et
664 523 731 564 ea
750 524 872 585 quae
893 523 961 563 ex
983 504 1400 585 permutatione
1419 504 1717 583 competit,
1742 510 1796 562 et
1813 500 2040 563 heredi-

200 598 333 656 tatis
357 598 569 679 petitio.

280 682 549 761 Quamvis
586 691 739 749 enim
780 710 961 771 usque
996 688 1182 750 adhuc
1222 690 1501 749 incertum
1542 697 1696 761 erat,
1743 690 1858 749 sive
1898 690 2047 750 inter

198 782 365 841 honae
403 779 533 841 fidei
565 780 783 861 judicia
827 780 1292 841 connumeranda
1333 782 1405 839 sit
1445 778 1769 840 hereditatis
1811 782 2038 861 petitio,

198 875 315 933 sive
336 893 471 947 non,
498 882 691 933 nostra
708 880 898 934 tamen
921 874 1241 933 constitutio
1267 871 1352 952 (1)
1380 881 1574 952 aperte
1594 892 1717 931 eam
1740 892 1861 933 esse
1881 860 2050 933 bonae'

203 966 335 1027 fidei
361 966 655 1048 disposuit.

285 1068 407 1121 πθ.
440 1060 649 1120 Fuerat
676 1068 842 1120 antea
868 1068 922 1119 et
953 1062 1035 1119 rei
1065 1059 1272 1165 uxoriae
1301 1059 1449 1119 actio
1478 1078 1594 1118 una
1620 1078 1690 1119 ex
1718 1058 1879 1119 bonoe
1915 1042 2046 1121 fidei

194 1153 455 1235 judiciis.

280 1247 389 1308 Sed
425 1268 587 1322 cum,
624 1246 940 1329 pleniorem
984 1268 1105 1309 esse
1146 1268 1216 1311 ex
1248 1246 1518 1329 stipulatu
1561 1250 1840 1310 actionem
1887 1249 2046 1309 inve-

204 1342 454 1414 nientes,
487 1360 656 1401 omne
684 1343 783 1421 jus
821 1340 973 1422 quod
1019 1362 1109 1401 res
1157 1344 1356 1403 uxoria
1410 1352 1544 1403 ante
1587 1340 1864 1413 habebat,
1916 1362 2046 1401 cum

202 1433 397 1495 multis
424 1388 830 1506 divisionibus,
860 1436 921 1492 in
951 1436 1228 1493 actionem
1256 1454 1325 1494 ex
1353 1434 1622 1527 stipulatu
1653 1456 1778 1516 quae
1799 1434 1868 1495 de
1897 1434 2045 1495 doti-

203 1526 312 1587 bus
341 1526 629 1608 exigendis
652 1528 1021 1608 proponitur,
1043 1524 1466 1600 transtulimus,
1491 1529 1711 1600 merito,
1731 1530 1813 1588 rei
1838 1530 2046 1588 uxoriae

207 1623 427 1681 actione
456 1621 707 1705 sublata,
740 1642 808 1681 ex
834 1619 1135 1702 stipulatu,
1179 1642 1302 1703 quae
1331 1641 1437 1702 pro
1477 1642 1542 1682 ea
1583 1616 1902 1683 introducta
1929 1634 2043 1696 est,

210 1723 473 1775 naturam
502 1714 666 1775 bonae
694 1714 823 1773 fidei
849 1714 1051 1793 judicii
1091 1723 1311 1773 tantum
1348 1717 1406 1773 iu
1437 1718 1729 1775 exactione
1753 1715 1898 1778 dotis
1925 1737 2049 1776 me-

211 1809 356 1879 ruit;
389 1816 451 1867 ut
478 1806 641 1867 bonoe
660 1806 789 1866 fidei
812 1808 883 1866 sit
909 1805 1017 1888 (2).
1047 1806 1157 1866 Sed
1179 1816 1232 1866 et
1254 1808 1476 1867 tacitam
1499 1810 1550 1867 ei
1577 1808 1834 1868 dedimus
1861 1808 2051 1890 hypo-

210 1900 431 1963 thecam
456 1900 561 1981 (3).
586 1900 841 1959 Praeferri
872 1909 1060 1959 autem
1088 1899 1214 1959 aliis
1242 1899 1610 1960 creditoribus
1630 1903 1690 1960 in
1719 1899 2050 1983 hypothecis

210 2004 345 2056 tunc
371 1996 721 2067 censuimus,
756 2014 884 2055 cum
913 1996 1039 2074 ipsa
1066 1993 1272 2053 mulier
1311 1993 1381 2053 de
1407 1993 1534 2053 dote
1561 2013 1664 2053 sua
1692 1997 2045 2075 experiatur,

210 2091 373 2171 cujus
398 2088 575 2149 solius
601 2087 953 2169 providentia
975 2086 1082 2148 hoc
1109 2087 1448 2171 induximus·
1471 2090 1577 2168 (4).

286 2196 402 2247 30.
426 2186 487 2245 ln
513 2184 677 2244 bonae
706 2184 835 2243 fidei
855 2194 1042 2244 autem
1063 2184 1292 2263 judiciis
1313 2184 1495 2245 libera
1525 2194 1772 2266 potestas
1800 2189 2048 2268 permitti

211 2280 427 2339 videtur
448 2278 629 2359 judici
658 2296 725 2336 ex
750 2276 903 2336 bono
932 2286 985 2338 et
1012 2297 1172 2357 aequo
1201 2277 1542 2350 oestimandi,
1571 2288 1848 2359 quantum
1876 2283 2050 2339 actori

208 2372 427 2432 restitui
450 2370 671 2430 debeat.
715 2369 779 2428 ln
808 2388 921 2450 quo
958 2378 1013 2428 et
1041 2366 1182 2428 illud
1208 2372 1544 2443 continetur,
1579 2381 1667 2440 ut,
1702 2372 1749 2429 si
1791 2371 1928 2451 quid
1964 2374 2051 2430 in-

208 2467 383 2526 vicem
411 2474 678 2546 prestare
712 2474 962 2523 actorem
989 2472 1283 2543 oporteat,
1319 2483 1384 2522 eo
1413 2474 1776 2544 compensato
1814 2467 1872 2523 in
1917 2463 2054 2525 reli-

213 2576 391 2640 quum
418 2561 467 2618 is
494 2579 625 2619 cum
657 2577 770 2640 quo
796 2566 983 2617 actum
1013 2568 1121 2629 est,
1155 2556 1354 2616 debeat
1383 2556 1768 2618 condemnari.
1789 2558 1896 2618 Sed
1922 2562 2052 2618 etin

216 2654 421 2712 strictis
441 2650 673 2731 judiciis
702 2670 768 2710 ex
802 2652 1075 2730 rescripto
1104 2649 1214 2708 divi
1244 2648 1450 2726 Marci,
1483 2653 1742 2732 opposita
1767 2649 1882 2711 doli
1919 2650 2052 2709 mali

216 2746 573 2826 exceptione,
605 2745 992 2824 compensatio
1020 2741 1412 2802 inducebatur.

294 2836 400 2897 Sed
430 2844 626 2897 nostra
654 2837 977 2897 constitutio
1013 2835 1097 2915 (5)
1130 2855 1226 2894 eas
1263 2838 1752 2915 compensationes
1781 2856 1902 2916 quoe
1925 2840 2057 2917 jure

214 2940 407 3012 aperto
438 2932 721 3001 nituntur,
747 2928 917 2989 latius
949 2928 1282 3001 introduxit,
1308 2938 1367 2987 ut
1388 2930 1776 3010 actiones-ipso
1798 2950 1928 3010 Jure
1951 2933 2057 2989 mi-

536 3056 665 3065 -·--·—-
680 3056 715 3063 n.
729 3056 853 3065 ,υ---ι-
856 3056 981 3064 σ-ο-ο--
986 3055 1051 3062 ι--.
1066 3056 1077 3061 -
1104 3052 1260 3063 00--0-0-
1271 3056 1354 3063 ---·-
1371 3054 1599 3063 -.η’-...ηψ-

220 3058 309 3067 .-....
1817 3054 2046 3065 -—-——-

272 3123 423 3233 (DL).
458 3128 535 3179 12,
557 3122 658 3185 Q&
689 3126 763 3179 0.,
792 3124 1017 3186 Depeti't.
1053 3121 1203 3169 hemi
1226 3124 1325 3183 (ιιι.
1355 3124 1436 3184 31)
1459 3121 1689 3185 -(2)L.
1717 3138 1792 3171 ιιιι.
1803 3138 1906 3186 ,pn
1917 3124 2056 3180 ,51,

214 3192 353 3244 2,0.,
372 3185 534 3233 Dare:
553 3203 683 3235 uxor.
706 3196 794 3235 act.
823 3186 892 3241 (v,
920 3186 1013 3259 13).
1020 3185 1240 3246 (3)1..
1267 3189 1344 3239 30
1370 3190 1442 3240 0.,
1461 3186 1930 3247 Dejuredotiam(·.
1961 3188 2049 3248 1⁶2).

214 3250 443 3357 ιιι-(401..
478 3253 553 3303 12,
578 3246 673 3313 §L
697 3250 770 3303 0.,
788 3250 869 3312 qui
887 3249 1037 3305 potior
1075 3248 1323 3309 inipqnore
1347 3252 1476 3307 (vm,
1503 3251 1676 3302 18).—
1616 3248 1840 3311 -(5)1..
1871 3250 1941 3298 Η.
1960 3264 2053 3310 pr..

212 3310 373 3376 §LC
396 3310 543 3367 ,Dec
521 3326 675 3375 compe
676 3266 853 3429 ι.ιι(ι·,
872 3314 981 3369 31);
1004 3308 1054 3356 L.
1080 3314 1155 3361 11,
1185 3312 1330 3370 Depo:
1309 3311 1382 3357 ιὶιι
1377 3311 1492 3371 “(,ιν
1515 3312 1654 3373 34).-

1690 3388 1775 3442 33.

832 3462 869 3509 0
