2292 3684
0 133 37 173 ν.
66 133 115 172 1..
146 133 211 188 u,
242 133 299 174 τ.
330 132 446 174 xvi.
486 133 557 174 ou
585 131 872 173 ΡυΡιιιΑιιι
899 132 1354 173 sussum-none·
1394 120 1489 175 25*

0 253 31 293 n
59 242 249 294 autem
268 238 635 316 resipuerint,
658 236 914 297 eumdem
934 233 1391 295 substitutionem
1409 235 1501 294 in-

0 336 39 386 st
91 327 200 389 hoe
238 329 310 389 ad
356 330 679 411 exemplum
710 317 1009 413 pupillaris
1050 329 1493 399 substitutionis,

0 442 163 503 quem
192 422 443 503 pupillus
469 424 790 498 adoleverit,
819 424 1156 485 infirmatur.

2 518 119 575 rin
140 517 411 597 pupillari
432 518 843 594 substitutione,
870 518 1181 580 seeundum
1203 516 1497 599 pressatum

0 610 241 683 rdinsta,
297 612 413 672 duo
480 612 900 693 quodammodo
961 621 1092 673 sunt
1146 618 1497 683 testamenta,

0 704 163 774 stris,
205 704 443 765 alterum
481 705 610 780 filii,
657 715 929 789 tanquam
970 709 1016 765 si
1052 707 1174 787 ipse
1210 704 1357 765 filius
1396 703 1505 764 sibi

0 799 348 869 instituisset;
395 809 493 859 aut
540 809 689 861 certe
745 822 925 861 unum
970 809 1053 861 est
1106 808 1501 860 testamentum

0 910 272 964 mserum,
311 891 369 952 id
404 901 513 967 est,
546 892 787 954 duarum
819 893 1215 953 hereditatum.

0 991 178 1043 sutem
222 987 347 1065 quis
384 988 462 1046 ita
494 987 891 1048 formidolosus
930 987 1027 1061 sit,
1071 995 1133 1045 ut
1172 988 1394 1045 timeret
1431 1006 1501 1044 ne

0 1123 8 1148 ‚
56 1076 305 1158 pupillus
345 1079 554 1154 adhuc,
601 1102 669 1142 ex
705 1101 771 1142 eo
810 1080 959 1161 quod
996 1080 1187 1162 palem
1224 1079 1501 1139 substitu-

0 1172 56 1243 it,
88 1180 214 1251 post
244 1171 462 1233 obitum
498 1175 620 1255 ejus
664 1172 915 1254 periculo
952 1174 1288 1233 insidiarum
1316 1172 1501 1253 subji-

0 1264 252 1346 ulgarem
295 1267 523 1349 quidem
569 1267 1023 1329 substitutionem
1064 1268 1257 1349 pelam
1294 1267 1497 1339 facere,

0 1361 45 1419 is
73 1363 389 1421 testamenti
415 1363 702 1443 partibus,
736 1360 935 1432 debet;
967 1361 1123 1421 illem
1155 1371 1343 1422 eutem
1371 1361 1501 1422 sub-

0 1474 19 1511 1
47 1474 151 1536 per
172 1475 367 1535 quam,
392 1458 494 1516 etsi
523 1457 687 1517 heres
716 1457 956 1516 extiterit
984 1455 1236 1537 pupillus
1266 1466 1321 1515 et
1355 1457 1505 1515 intr-u

0 1566 28 1604 u
57 1545 381 1619 decesserit,
425 1547 761 1609 substitutus
798 1556 1063 1621 vocatur„
1099 1550 1405 1629 seperatim
1443 1550 1501 1607 iu

0 1658 38 1696 is
76 1639 332 1719 pertibus
385 1642 659 1717 scribere,
701 1661 951 1722 ,eamque
999 1651 1221 1723 partem
1273 1642 1501 1723 propriu

0 1734 164 1813 isque
196 1754 322 1793 cera
352 1738 707 1817 consignare,
739 1745 793 1795 et
818 1735 877 1795 in
920 1736 1111 1817 priore
1143 1743 1305 1817 perte
1332 1742 1505 1795 testa-

0 1845 77 1898 re,
99 1845 171 1885 ne
188 1827 486 1888 inferiores
506 1829 710 1888 tabulae
728 1831 849 1888 vivo
878 1828 996 1889 filio
1017 1836 1072 1889 et
1094 1829 1280 1889 adhuc
1307 1830 1505 1908 impu-

0 1926 181 1978 antur.
213 1918 359 1980 Illud
397 1921 587 2002 pelam
626 1931 896 1994 est,·non
938 1921 1065 1982 ideo
1099 1924 1288 1981 minus
1321 1919 1505 1980 velere

0 2034 125 2073 nem
147 2013 462 2095 impuberis
480 2016 601 2089 filii,
622 2016 771 2097 quod
789 2018 848 2076 in
880 2016 1079 2077 iisdem
1107 2016 1316 2076 tabulis
1331 2018 1505 2097 scrip*

0 2108 94 2168 bus
122 2107 232 2167 sibi
259 2112 496 2192 quisque
532 2110 799 2172 heredem
838 2112 1198 2185 instituisset,
1246 2112 1501 2193 quamvis

0 2222 21 2261 n
53 2202 433 2283 periculosum
462 2206 551 2264 sit.

11 2294 195 2355 solum
232 2305 419 2356 autem
458 2283 763 2358 heredibus
805 2298 1072 2358 institutis
1109 2295 1505 2377 impuberibus

10 2387 348 2450 substituere
386 2399 649 2472 parentes
696 2400 959 2472 possunt,
998 2398 1093 2462 ut,
1135 2393 1237 2450 etsi
1273 2390 1505 2452 heredes

0 2482 79 2540 int
124 2491 178 2542 et
220 2491 350 2543 ante
395 2482 753 2564 pubertatem
792 2486 1001 2544 mortui
1047 2484 1285 2556 suerint,
1329 2485 1401 2543 sit
1427 2487 1505 2544 eis

0 2598 106 2639 iem
140 2580 251 2658 ipsi
281 2578 590 2652 voluerint,
631 2580 727 2641 sed
766 2582 935 2640 etiam
970 2578 1319 2639 exheredatis
1351 2600 1364 2637 ε
1398 2581 1505 2639 ita-2

0 2692 50 2743 u,
84 2673 131 2731 si
165 2672 299 2752 quid
327 2672 546 2754 pupillo
579 2694 648 2734 ex
675 2672 1081 2735 hereditatibus
1117 2671 1382 2752 legatisve
1410 2683 1505 2733 eut

6 2785 68 2825 us
114 2767 570 2847 propinquorum
617 2775 784 2848 atque
813 2769 1125 2827 amicorum
1163 2765 1505 2846 adquisitum

0 2879 128 2919 mne
150 2859 221 2919 ad
245 2858 607 2922 substitutum
632 2861 954 2943 pertinebit.
974 2862 1353 2941 Quaecumque
1369 2861 1505 2920 dixi-

0 2953 340 3016 1bstitutione
367 2958 732 3037 impuberum
764 2956 1075 3017 liberorum
1104 2957 1192 3017 vel
1230 2955 1501 3016 heredum

0 3068 53 3108 m
81 3047 168 3107 vel
196 3046 685 3119 exheredatorum,
721 3049 916 3110 eadem
943 3052 1113 3109 etiam
1140 3047 1209 3109 de
1229 3053 1501 3130 postumia

0 3163 59 3204 ts.

0 3238 67 3295 ris
93 3242 283 3294 autem
310 3237 427 3295 suis
455 3243 855 3296 testamentum
884 3256 1053 3297 nemo
1090 3236 1279 3298 faeere
1298 3246 1497 3318 potest,

19 3328 225 3402 faciut3
258 3348 394 3389 nem
430 3327 715 3410 pupillsre
731 3338 1131 3390 testamentum
1159 3350 1293 3411 pars
1322 3338 1379 3390 et
1417 3351 1505 3391 se-
