2292 3684
295 98 446 143 mer.
473 100 614 145 msr.
653 105 704 145 ι.
731 103 816 159 ιιι,
855 104 910 147 r.
936 104 1102 151 xxm.
1141 106 1215 149 na
1242 106 1526 153 :arnon
1552 106 1909 153 vunnu-noun.
1958 94 2061 151 tw

223 199 479 275 definire,
505 210 642 263 tnnc
667 223 772 283 pro
797 204 978 265 nihilo
999 226 1121 267 esse
1137 205 1539 281 venditionem,
1565 210 1728 289 quasi
1746 207 1904 269 nullo
1925 229 2057 290 pre-

224 296 304 355 tio
332 302 559 356 statuto.
601 296 762 367 Quod
781 300 910 377 jus,
942 320 1075 360 cum
1101 302 1163 359 ἰιι
1191 300 1608 363 venditionibus
1632 301 1796 362 nobis
1826 302 2059 384 placuit,

221 409 340 449 non
387 399 472 450 est
510 390 820 452 absurdum
863 401 918 454 et
960 397 1022 455 in
1066 393 1442 467 locationibus
1487 405 1545 457 et
1588 396 2057 458 conductionibus

219 483 470 545 trahere.

301 588 373 642 ².
406 580 544 639 ltem
573 586 818 662 pretinm
847 576 914 643 ἰιί
938 594 1237 644 numerata
1265 586 1507 665 pecunia
1534 588 1840 646 consistere
1860 585 2052 657 debon

221 690 361 751 nam
397 674 456 731 in
497 678 695 755 ceteris
735 675 906 737 rebus
939 696 1022 763 'an
1065 680 1314 759 pretium
1354 698 1477 739 esse
1522 682 1730 760 possit,
1776 680 1947 739 veluti
1981 700 2057 739 an

217 764 395 826 homo
412 812 428 839 ,
459 780 555 829 aut
584 770 823 845 fundus,
856 780 954 832 aut
982 780 1114 855 toga
1146 773 1375 835 alterius
1405 776 1488 834 rei
1515 778 1760 855 pretinm
1786 794 1909 836 esse
1930 796 2059 858 pos-

218 861 318 933 sit,
352 860 513 922 valde
543 864 922 943 quaerebatur.
957 866 1204 925 Sabinus
1233 875 1289 926 et
1315 867 1539 926 Cassius
1566 869 1737 927 etiam
1763 871 1823 926 in
1853 868 1965 928 alia
2000 890 2059 929 re

218 956 425 1033 putant
451 975 616 1036 posse
637 958 881 1038 pretium
901 960 1207 1019 consistere
1237 982 1249 1017 ε
1275 959 1424 1019 unde
1446 959 1586 1018 illud
1612 969 1693 1019 est
1716 961 1868 1041 quod
1890 962 2057 1043 vulgo

219 1047 530 1125 dicebatur,
560 1054 975 1132 permutatione
1005 1072 1195 1112 rerum
1224 1056 1567 1133 emptionem
1597 1062 1651 1113 et
1679 1054 2058 1116 venditionem

219 1142 478 1201 contrahi
498 1191 512 1216 ,
551 1162 790 1227 eamque
819 1149 1066 1227 speciem
1095 1150 1397 1229 emptionis
1420 1140 1477 1207 et'
1500 1146 1837 1207 venditionis
1864 1160 2058 1209 vetus-

214 1236 494 1295 tissimam
521 1256 674 1309 esse3
707 1246 1156 1321 argumentoque
1184 1236 1489 1298 utebantur
1512 1238 1703 1299 Graeco
1743 1250 1909 1322 poeta
1935 1240 2057 1300 Ho-

133 1389 144 1397 ,
214 1347 404 1401 mero,
438 1331 539 1410 qui
566 1328 755 1413 aliqua
785 1340 944 1413 parte
979 1332 1288 1391 exercitum
1324 1330 1669 1391 Achivorum
1710 1334 1906 1393 vinum
1946 1330 2057 1393 sibi

211 1440 576 1503 comparasse
610 1427 716 1500 ait,
747 1426 1080 1507 permutatis
1107 1423 1449 1505 quibusdam
1474 1422 1677 1497 rebus,
1716 1424 1805 1485 his
1833 1423 2052 1486 verbis:

458 1558 764 1649 Ἔνθεν.ἄρ’
793 1562 1045 1634 οἰνίζοντο
1070 1560 1509 1648 καρηκομόωντες
1538 1562 1770 1643 Ἀχαιοί,

454 1654 640 1717 Ἄλλοι
667 1654 764 1735 μὲν
791 1660 1012 1739 χαλκῷ,
1043 1657 1195 1717 ἄλλοι
1224 1654 1459 1723 δἀἶθῳνι
1490 1656 1719 1739 σιδήρῳ,

453 1746 636 1811 Ἄλλοι
664 1748 722 1809 δὲ
751 1754 934 1831 ῥινοῖς,
964 1750 1116 1810 ἄλλοι
1145 1749 1192 1809 δ’
1222 1750 1425 1809 αὐτοῖσι
1455 1747 1692 1830 βόεσσιν,

454 1842 636 1904 Ἄλλοι
663 1844 712 1905 δ’
740 1843 1140 1929 ἀνδραπόδεσσι.

290 1996 536 2056 Diversae
553 1996 754 2058 scholas
772 2006 1028 2059 auctores
1051 2006 1247 2059 contra
1267 1998 1611 2071 sentiebant,
1642 1996 1910 2077 aliudque
1930 2016 2053 2057 esse

209 2089 614 2157 existimabant
652 2095 1126 2176 permutationem
1169 2112 1387 2166 rerum,
1422 2090 1574 2151 aliud
1609 2093 1957 2171 emptionem
1997 2100 2053 2151 et

209 2184 630 2245 venditionem:
663 2182 912 2266 alioquin
943 2206 1058 2246 non
1088 2206 1256 2268 posse
1286 2204 1407 2245 rem
1436 2183 1687 2263 expediri
1714 2170 2052 2264 permutatis

207 2277 406 2353 rebus,
433 2298 558 2359 quae
575 2278 828 2339 videatur
845 2300 948 2343 ,res
967 2282 1202 2352 venisse,
1236 2288 1291 2338 et
1318 2296 1443 2359 qum
1471 2278 1637 2357 pretii
1664 2278 1895 2337 nomine
1916 2276 2051 2337 data

207 2390 366 2442 esseg
389 2392 524 2432 nam
539 2382 838 2454 utramque
851 2373 1028 2433 videri
1043 2382 1098 2432 et
1110 2374 1350 2445 venisse,
1368 2379 1421 2431 et
1440 2372 1604 2451 pretii
1617 2372 1848 2430 nomine
1858 2370 2052 2431 datam

207 2486 364 2540 esse,
405 2470 682 2527 rationem
721 2487 837 2526 non
877 2468 1011 2548 pati.
1061 2466 1170 2527 Sed
1207 2464 1433 2527 Proculi
1470 2467 1747 2525 sententia
1780 2464 2042 2540 dicentis,

203 2562 690 2642 permutationem
717 2562 1012 2642 propriam
1041 2581 1163 2621 esse
1197 2562 1445 2640 speciem
1474 2567 1819 2631 contractus,
1852 2578 1887 2617 a
1914 2578 2049 2619 ven-

202 2655 424 2715 ditione
469 2665 820 2736 separatam,
862 2658 1064 2715 merito
1110 2644 1435 2736 przevaluit‚
1483 2672 1613 2713 cum
1658 2660 1713 2711 et
1754 2654 1879 2733 ipsa
1910 2652 2053 2713 aliis

203 2750 528 2811 Homericis
571 2750 825 2810 versibus
871 2749 1187 2829 adjuvatur,
1236 2759 1289 2808 et
1328 2746 1695 2821 validioribus
1731 2746 2050 2808 rationibus

205 2852 662 2926 argumentatur.
705 2844 867 2917 Quod
903 2852 958 2903 et
992 2845 1302 2906 anteriores
1342 2840 1455 2901 divi
1490 2842 1777 2921 principes
1805 2839 2048 2900 admise-

205 2946 372 3008 runt,
411 2946 466 2998 et
492 2940 554 2997 in
581 2940 786 2997 nostris
815 2939 1054 3019 Digestis
1081 2935 1249 2995 latius
1288 2934 1648 3016 significatur.

291 3042 358 3092 ³.
403 3034 547 3090 Cum
588 3042 776 3090 autem
817 3032 1029 3111 emptio
1071 3038 1126 3089 et
1162 3026 1408 3089 venditio
1444 3033 1731 3087 contracta
1764 3028 1864 3096 sit,
1902 3025 2053 3108 quod

208 3124 362 3185 effici
387 3123 632 3184 diximus
660 3124 832 3184 simul
867 3134 1038 3205 atque
1062 3122 1134 3183 de
1162 3122 1345 3203 pretio
1372 3121 1724 3191 convenerit,
1766 3140 1895 3179 cum
1931 3122 2053 3179 sine

210 3220 494 3300 scriptura
546 3238 638 3278 res
693 3220 897 3298 agitur,
952 3215 1269 3297 pericnlum
1316 3217 1397 3275 rei
1446 3212 1683 3273 venditae
1739 3213 1925 3272 statim
1980 3210 2052 3271 ad

209 3322 526 3393 emptorem
564 3312 832 3391 pertinet,
873 3312 1093 3370 tametsi
1131 3308 1317 3369 adhuc
1352 3328 1416 3367 ea
1448 3327 1539 3366 res
1574 3309 1817 3385 emptori
1854 3304 2055 3363 tradita
