2292 3684
183 93 332 136 sus-r.
361 93 504 136 uzsr.
545 94 597 136 ι..
625 95 673 150 1,
711 93 765 136 τ.
795 93 867 136 vi.
897 93 992 155 oui·
1014 93 1409 138 manui-rrum
1440 93 1551 138 Nou
1574 95 1834 138 rossum.
1876 83 1946 138 37

325 443 442 505 Trr.
485 445 570 505 Vl.
615 444 715 518 Qut
731 491 748 518 ‚
796 463 978 516 omnus
1017 463 1086 505 ex
1127 463 1327 520 caveis»,
1378 462 1745 507 nemun-rnen

839 557 944 599 nou
984 557 1221 600 rossum-r.

193 653 322 713 Non
359 661 548 715 tamen
585 655 921 737 cuicumque
955 655 1163 715 volenti
1200 655 1597 714 manumittere
1622 652 1769 713 licet.
1803 649 1949 712 Nam

117 749 162 807 is
189 750 292 829 qui
319 750 379 807 in
405 749 664 809 fraudem
691 749 1030 811 creditorum
1056 751 1432 822 manumittit,
1464 747 1607 808 nihil
1634 749 1781 830 agit3
1814 747 1949 830 quia

114 841 204 902 lex
229 841 380 902 AEtia
405 843 596 904 Sentio
621 846 856 925 impedit
883 843 1221 905 libertatem.

193 945 254 996 ι.
300 937 451 996 Licet
491 947 682 997 autem
716 937 946 999 domino
982 940 1080 1019 qui
1118 935 1387 998 solvendo
1420 956 1539 998 uon
1578 943 1691 1010 est,
1739 937 1799 996 in
1838 943 1952 996 tes-

115 1037 368 1091 tamento
402 1051 627 1092 servum
661 1052 832 1094 auum
863 1053 994 1095 cum
1024 1031 1285 1094 libertate
1320 1030 1587 1092 heredem
1620 1032 1944 1104 instituere,

116 1132 180 1184 ut
211 1124 362 1186 liber
393 1125 492 1186 fiat
525 1127 802 1209 heresque
837 1130 889 1188 ei
917 1127 1072 1188 solue
1109 1137 1164 1188 et
1200 1128 1574 1198 necessarium
1607 1127 1657 1187 εἰ
1690 1125 1861 1186 modo
1898 1127 1951 1186 ei

117 1237 284 1278 nemo
311 1217 459 1279 alius
485 1239 554 1280 ex
579 1239 647 1281 eo
674 1229 1008 1282 testamento
1032 1219 1196 1282 heres
1216 1221 1477 1292 extiterit,
1502 1221 1756 1302 aut'quia
1780 1239 1948 1280 nemo

117 1309 280 1370 heres
306 1314 551 1393 scriptus
579 1314 678 1382 sit,
711 1321 810 1372 aut
837 1315 973 1393 quia
997 1314 1046 1372 is
1072 1314 1171 1393 qui
1196 1313 1437 1392 scriptus
1464 1321 1575 1382 est,
1602 1309 1857 1390 qualibet
1882 1331 1951 1371 ex

119 1425 286 1465 censa
318 1405 486 1466 heres
519 1426 638 1466 non
673 1409 930 1468 extiterit.
971 1406 1143 1486 quue
1182 1405 1379 1465 eadem
1415 1402 1539 1484 lege
1580 1403 1728 1466 AEtia
1758 1405 1952 1464 Sentio,

119 1499 409 1578 provisum
445 1507 553 1571 eet,
593 1508 650 1560 et
684 1507 861 1570 recte;
901 1497 1062 1558 valde
1097 1500 1253 1558 enim
1297 1496 1755 1577 prospiciendum
1801 1505 1953 1571 erat,

117 1597 176 1646 ut
195 1597 424 1668 egentes
445 1587 724 1662 homines,
749 1588 957 1671 quibus
984 1587 1128 1648 nlius
1155 1586 1317 1646 heres
1346 1588 1618 1647 extiturus
1646 1606 1761 1646 non
1784 1598 1949 1652 esset,

115 1681 202 1740 vel
225 1702 453 1742 servum
475 1704 642 1744 suum
666 1685 1046 1744 necessarium
1069 1681 1335 1744 heredem
1355 1679 1651 1754 haberent,
1674 1682 1772 1761 qui
1794 1685 1955 1742 satis-

117 1775 370 1836 facturus
395 1786 541 1837 eseet
567 1777 966 1850 creditoribus,
1001 1785 1120 1850 aut,
1155 1777 1263 1837 hoc
1292 1794 1357 1835 eo
1387 1793 1505 1834 non
1534 1775 1803 1850 faciente,
1832 1795 1953 1836 cre-

117 1867 326 1929 ditores
353 1890 446 1930 res
471 1868 839 1931 hereditarius
877 1872 1022 1930 servi
1063 1873 1296 1930 nomine
1331 1867 1605 1942 vendant,
1637 1887 1709 1928 ne
1741 1870 1953 1948 injuria

119 1961 416 2024 defunctus
446 1964 755 2030 adficiatur.

195 2068 263 2116 τ.
304 2055 572 2139 Idemque
602 2059 750 2138 juris
781 2066 888 2134 est,
921 2065 976 2119 et
1012 2059 1060 2118 si
1099 2060 1221 2118 sine
1256 2055 1518 2118 libertate
1554 2073 1747 2117 servus
1785 2053 1951 2120 heres

118 2145 404 2206 institutus
445 2156 542 2208 est.
589 2148 749 2221 Quod
788 2157 981 2208 nostra
1017 2149 1335 2208 constitutio
1379 2145 1463 2228 (l)
1508 2167 1625 2206 non
1663 2145 1847 2207 solum
1890 2149 1951 2206 in

117 2237 349 2298 domino
386 2242 484 2320 qui
519 2239 786 2301 solvendo
827 2260 940 2300 non
981 2247 1088 2311 est,
1125 2239 1221 2300 sed
1260 2238 1597 2321 generaliter
1634 2240 1947 2311 constituit,

119 2351 267 2392 nova
307 2331 673 2394 humanitatis
713 2336 963 2406 ratione,
1011 2341 1074 2393 ut
1118 2354 1187 2393 ex
1231 2337 1356 2414 ipsa
1397 2335 1677 2414 scripture
1722 2335 1951 2394 institu-

120 2426 290 2484 tionis
326 2417 494 2486 ctiam
530 2427 760 2489 libertas
801 2431 854 2488 ei
885 2436 1203 2508 competere
1242 2427 1523 2498 videatur3
1562 2447 1691 2488 cum
1722 2447 1837 2487 non
1866 2437 1952 2488 est

117 2519 448 2592 verisimile,
491 2541 622 2582 eum
660 2541 832 2602 quem
866 2521 1130 2582 heredem
1169 2521 1279 2581 sibi
1318 2521 1511 2604 elegit,
1548 2524 1597 2580 si
1632 2521 1948 2602 proetermi-

117 2613 256 2672 serit
291 2611 568 2675 libertatis
611 2615 924 2686 dationem,
971 2635 1201 2676 servum
1239 2634 1533 2676 remanere
1574 2613 1816 2676 voluisse
1832 2659 1847 2686 ,
1896 2623 1951 2674 et

119 2707 408 2768 neminem
436 2707 546 2767 sibi
573 2707 840 2770 heredem
867 2710 1007 2770 fore.

193 2811 260 2862 8.
295 2801 362 2859 ln
389 2800 650 2862 fraudem
677 2811 867 2862 autem
895 2802 1233 2864 creditorum
1270 2801 1665 2862 manumittere
1698 2800 1945 2872 videtur,

119 2897 217 2977 qui
244 2894 334 2955 vel
353 2896 477 2975 jam
503 2915 570 2956 eo
598 2905 851 2979 tempore
879 2917 993 2978 quo
1019 2898 1388 2972 manumittit,
1422 2897 1683 2958 solvendo
1706 2915 1821 2956 non
1844 2903 1947 2968 eet,

121 2989 207 3050 vel
236 2989 382 3050 datis
416 2989 776 3052 libertatibus
813 2991 1090 3055 desiturus
1129 3001 1213 3052 est
1248 2987 1515 3053 solvendo
1550 3011 1687 3053 esse.
1724 2993 1950 3051 Praeva-

121 3080 290 3143 luisse
317 3089 508 3143 tamen
535 3082 782 3154 videtur,
814 3084 926 3144 nisi
955 3087 1211 3145 animum
1240 3104 1466 3166 quoque
1496 3081 1796 3144 fraudandi
1826 3102 1950 3144 mu-

181 3289 254 3354 (1)
277 3289 338 3341 V.
371 3291 424 3337 L.
451 3293 503 3350 5,
535 3295 610 3347 0.,
637 3289 710 3339 De
731 3291 998 3340 necessarii·
1020 3293 1163 3339 seruis
1182 3287 1421 3338 heredibus
1452 3287 1545 3352 (vi,
1567 3289 1669 3413 27)3.
