2292 3684
317 131 390 186 78
424 145 542 188 em
572 145 718 188 ins-r.
757 147 811 186 c.
841 143 893 202 1,
934 133 962 196 s
992 130 1115 186 ⁴28.
1156 141 1310 191 ome.
1336 139 1467 182 uon.
1498 138 1655 181 earn.
1687 135 1908 182 rornsr.
1938 135 2165 181 somn.

319 253 430 320 est,
457 254 565 307 aut
593 247 738 306 exiit
766 244 834 305 de
859 251 1146 325 potestate
1161 245 1387 324 patris,
1427 251 1562 304 tunc
1593 245 1667 316 ii,
1702 244 1843 325 quia
1869 243 1929 300 in
1967 250 2167 322 potes-

317 348 489 399 tatem
520 341 640 420 ejus
661 339 862 402 cadere
884 360 998 400 non
1022 346 1288 421 possunt,
1322 341 1409 398 sui
1429 339 1577 417 juris
1602 337 1761 398 fiunt.

403 447 560 496 1²8.
609 437 750 496 Cum
780 444 968 496 eutem
998 439 1044 496 is
1085 437 1177 495 eui
1205 434 1279 493 ob
1311 433 1542 515 aliquod
1568 431 1909 494 maleficium
1938 453 2005 493 ex
2034 433 2169 516 lege

319 527 528 607 poenali
556 549 704 609 aqua
733 536 786 587 et
803 531 922 610 igni
948 527 1317 598 interdicitur,
1346 529 1622 587 civitatem
1648 527 1963 587 Romanam
1990 530 2169 587 amit-

319 629 416 693 tat,
449 625 704 702 sequitur
729 631 818 693 ut,
851 624 948 702 qui
977 641 1042 682 eo
1071 620 1239 680 modo
1267 641 1335 680 ex
1364 640 1601 680 numero
1631 621 1839 679 civium
1867 620 2170 680 Romano-

321 735 448 774 rum
484 714 725 788 tollitur,
761 714 996 795 proinde
1025 733 1090 774 ac
1118 723 1344 775 mortuo
1373 734 1439 773 eo
1476 713 1738 772 desinent
1763 711 1929 772 liberi
1964 716 2023 772 in
2056 734 2173 793 po-

319 817 516 868 testate
561 810 684 889 ejus
720 827 841 867 esse
875 831 887 865 z
922 827 1026 867 nee
1071 809 1227 867 enim
1266 807 1411 866 ratio
1451 807 1697 886 patitur,
1750 813 1811 864 ut
1848 807 2170 886 peregi-inm

321 900 656 962 conditionis
704 899 875 961 homo
917 903 1096 961 civem
1136 901 1457 960 Romanum
1504 901 1565 958 in
1612 907 1883 980 potestate
1926 899 2165 960 habent.
2276 909 2278 916 '

323 999 450 1057 Pari
485 999 728 1070 ratione,
761 1005 816 1056 et
843 998 890 1055 si
919 999 970 1056 ei
1004 999 1102 1077 qui
1128 998 1186 1055 in
1216 1003 1489 1077 potestate
1514 997 1763 1079 parentis
1794 997 1893 1068 sit,
1928 1015 2082 1076 eque
2113 1005 2171 1054 et

322 1095 440 1176 igni
468 1092 828 1154 interdictum
854 1092 1054 1166 fuerit,
1087 1092 1291 1152 desinit
1325 1094 1386 1151 in
1425 1099 1697 1174 potestate
1732 1093 1982 1172 parentis
2010 1111 2166 1164 esse,

323 1188 457 1269 quia
483 1206 640 1267 oeque
660 1188 805 1247 ratio
832 1205 948 1246 non
978 1187 1192 1268 patitur
1214 1193 1275 1244 ut
1293 1187 1606 1266 peregrinae
1624 1185 1963 1248 conditionis
1988 1185 2171 1246 homo

323 1282 382 1339 in
409 1287 680 1365 potestate
703 1282 774 1340 sit
800 1281 934 1340 civis
964 1281 1208 1340 Romani
1234 1280 1503 1362 parentis.

688 1425 1005 1487 Nummus,
1037 1424 1126 1475 lib.
1156 1424 1225 1476 ΙΙ
1251 1425 1668 1476 Institutionum
1693 1420 1790 1488 (1).

391 1523 610 1587 Relegsti
639 1524 692 1574 in
719 1523 940 1576 insulam
971 1525 1025 1575 in
1055 1524 1305 1588 potestate
1342 1536 1435 1574 sus
1462 1523 1656 1574 liberos.
1686 1521 1937 1586 retinent,
1963 1523 2087 1588 quin
2118 1527 2173 1576 et

323 1602 422 1654 elia
448 1603 614 1654 omnia
641 1603 754 1666 iure
781 1617 871 1655 sus
896 1603 1145 1667 retinent;
1177 1603 1380 1653 tantum
1408 1602 1543 1653 enim
1568 1602 1733 1653 insuia
1760 1601 1834 1653 eis
1860 1601 2029 1666 egredi
2060 1617 2173 1654 non

324 1684 460 1736 lieet.
488 1685 553 1735 Et
573 1683 704 1736 bone
725 1697 926 1750 quoque
959 1698 1051 1736 sue
1076 1683 1247 1734 omnia
1284 1683 1532 1747 retinent,
1560 1683 1742 1747 praeter
1768 1697 1852 1748 ee,
1882 1684 1926 1734 si
1951 1697 2068 1747 qum
2092 1685 2172 1735 eis

325 1764 557 1830 adempte
581 1767 729 1832 sunt3
757 1779 874 1822 nam
897 1779 1069 1820 eorum
1083 1803 1100 1834 ,
1122 1764 1285 1828 quiin
1303 1765 1598 1833 perpetuum
1620 1763 1855 1818 exsilium
1875 1763 1981 1818 dati
2006 1766 2134 1816 sunt
2154 1803 2169 1829 ,

324 1847 406 1900 vel
433 1847 658 1914 relegati,
681 1848 848 1914 potest
873 1845 988 1912 quis
1012 1845 1261 1899 sententis
1282 1848 1476 1912 portem
1504 1845 1751 1898 bonorum
1779 1843 2021 1898 adimere.

740 1973 1056 2034 uincimus,
1091 1970 1226 2022 libro
1250 1971 1285 2021 Ῑ
1301 1969 1625 2034 Reqularum
1652 1967 1743 2034 (2).

393 2073 640 2126 Exsilium
679 2071 862 2136 triplex
899 2073 978 2124 est
1001 2086 1016 2122 ε
1042 2074 1132 2122 eut
1176 2073 1427 2122 certorum
1459 2072 1685 2122 iocorum
1728 2069 2050 2134 interdictio,
2077 2073 2173 2124 aut

323 2153 425 2206 lats
439 2156 578 2219 fuga,
598 2155 656 2205 ut
677 2154 906 2204 omnium
929 2154 1153 2204 iooorum
1176 2152 1535 2214 interdicatur,
1552 2152 1735 2217 praeter
1753 2153 1948 2206 certum
1968 2152 2139 2204 iocum
2154 2191 2171 2218 ‚

329 2237 418 2290 out
441 2235 619 2288 insuioe
641 2233 931 2299 vinculum,
961 2233 1013 2284 id
1041 2233 1118 2285 est
1141 2234 1377 2298 relegatio
1399 2233 1453 2284 in
1478 2233 1714 2285 insulem.

726 2363 1036 2426 ΜΛιιαιΑΝυε,
1069 2361 1162 2416 lib.
1200 2365 1237 2416 1
1259 2363 1674 2416 Institutionum
1690 2359 1780 2430 (3).

390 2464 517 2518 Sunt
532 2462 738 2527 quidem
761 2463 896 2515 servi
916 2477 1104 2530 poenae,
1131 2465 1191 2515 ut
1212 2467 1332 2516 sunt
1359 2464 1413 2514 in
1439 2463 1701 2516 metallum
1724 2461 1857 2525 dati,
1880 2463 1935 2518 et
1960 2463 2015 2516 in
2040 2478 2173 2532 opus

327 2544 545 2605 metum
573 2546 626 2594 et
648 2544 692 2594 si
719 2543 841 2610 quid
872 2544 945 2598 eis
974 2545 1276 2598 testamento
1307 2543 1480 2598 datum
1509 2543 1691 2608 fuerit,
1730 2556 1818 2607 pro
1848 2557 1949 2596 non
1978 2545 2172 2612 :eripio
2274 2573 2276 2596 ;

327 2626 436 2688 est,
461 2623 600 2686 quasi
630 2635 730 2674 non
763 2623 972 2676 Caesaris
1001 2636 1144 2674 servo
1176 2623 1381 2688 datum,
1404 2623 1490 2676 sed
1518 2636 1771 2688 poenm.—
1800 2623 1929 2676 Item
1956 2624 2169 2688 quidam
2274 2667 2276 2680 ,

325 2701 566 2769 ἀπόλιδες
597 2702 744 2763 sunt,
767 2701 864 2752 hoe
884 2703 988 2766 est,
1018 2703 1127 2754 sine
1153 2701 1386 2768 civitate,
1416 2704 1476 2754 ut
1502 2703 1625 2754 sunt
1666 2702 1719 2753 in
1749 2715 1877 2767 opus
1904 2704 2169 2767 pubiicum

327 2784 566 2848 perpetuo
591 2782 723 2848 dati,
753 2784 806 2834 et
831 2783 886 2837 iu
917 2783 1130 2834 insulam
1159 2783 1435 2848 deportati,
1465 2783 1525 2834 ut
1557 2795 1616 2834 ee
1641 2783 1875 2849 quidem,
1900 2797 2017 2849 quae
2039 2785 2171 2848 lor-is
2275 2815 2276 2818 =

325 2864 490 2919 civilis
512 2863 632 2920 sunt
647 2899 664 2931 ,
683 2876 785 2918 non
806 2863 1052 2931 habeant,
1075 2877 1193 2930 quse
1214 2876 1332 2917 vero
1350 2863 1481 2930 luris
1504 2865 1731 2928 gentium
1752 2863 1904 2932 sunt,
1927 2863 2168 2920 habeant.

946 2974 1006 3043 Ο

394 3277 538 3341 (i)L.
572 3283 618 3336 4,
649 3279 732 3338 D.,
761 3280 876 3327 Dei
877 3281 1123 3338 nter-dictis,
1153 3281 1307 3330 etrele
1340 3282 1449 3334 otis.
1483 3280 2166 3348 etdeportat‘s(x1.vm,22).

327 3345 480 3403 um)
525 3341 582 3394 h.
610 3349 657 3400 t»,
692 3343 790 3394 eoa.
809 3345 968 3410 -(³)
1003 3346 1054 3392 L.
1084 3349 1159 3402 1¹1,
1182 3360 1276 3409 pn,
1300 3233 1502 3409 gl*
1424 3347 1509 3402 D.
1492 3344 1769 3412 Depoem's
1792 3343 1986 3411 (ιινιιι,
2010 3343 2110 3408 19).
