2292 3684
323 0 430 50 230
465 8 580 50 em
607 8 750 50 mer.
789 10 842 51 c·
875 0 1048 62 nsss
1079 0 1343 49 *at-⁴26.
1384 6 1459 49 nr:
1483 6 1592 47 ιιι.
1622 0 1771 46 {m-
1798 0 1908 45 vm.
1942 0 2184 43 unns-:¹

322 108 600 189 alioquin,
633 111 682 167 si
711 130 843 169 eum
872 109 1092 170 silentio
1121 111 1483 191 praeterierit,
1524 106 1795 167 inutiliter
1830 105 2185 167 testabitur

321 200 474 259 Adeo
511 200 742 280 quidem
788 212 850 261 nt
903 204 1080 262 nostri
1128 210 1500 283 praeceptores
1541 201 1887 272 existiment,
1938 200 2185 257 etiams

321 297 445 354 vivo
471 302 631 375 petre
667 295 817 355 filius
853 296 1151 356 defunctus
1190 300 1289 366 sit,
1338 297 1623 355 neminem
1667 292 1935 353 heredem
1982 312 2069 351 ex
2130 312 2181 351 e

318 398 653 450 testamento
681 392 916 450 existere
934 411 1126 471 posse,
1150 391 1359 451 scilieet
1385 394 1519 471 quia
1548 390 1735 449 stetim
1760 387 1833 447 ab
1856 388 2023 445 initio
2052 406 2185 445 no]

320 485 631 543 eonstiterit
667 486 960 545 institutio.
1003 483 1112 543 Sed
1146 484 1374 545 diversae
1417 483 1621 544 scholae
1658 490 1947 553 auctores,
1980 482 2181 561 siqui

321 577 450 637 dem
475 576 626 637 filius
652 580 852 637 mortis
879 580 1055 659 petris
1087 588 1339 660 tempore
1374 580 1549 650 vivat,
1586 596 1723 637 sane
1748 574 2184 657 impediment

319 692 453 732 eum
480 692 602 732 esse
628 676 852 754 scriptis
880 671 1212 747 heredibus,
1238 682 1294 732 et
1318 692 1485 733 suum
1512 672 1585 733 eb
1608 674 1870 732 intestato
1892 669 2185 730 her-eden

320 765 443 825 fieri
471 765 810 826 confitentur
843 788 857 824 ε
892 768 940 824 si
980 785 1112 826 vero
1152 774 1285 827 ante
1320 778 1560 826 mortem
1602 768 1779 846 patris
1816 766 2184 845 interceptu

321 859 419 930 sit,
452 877 618 939 posse
652 878 721 917 ex
757 866 1089 919 testamento
1130 858 1498 919 hereditatem
1540 859 1683 917 adiri
1720 864 1956 938 putent,
2006 856 2185 915 null«

316 956 440 1034 jam
484 951 602 1012 filio
648 952 1088 1033 impedimento;
1140 954 1277 1033 quia
1321 951 1533 1012 scilieet
1582 953 1933 1022 existimant,
1994 950 2181 1029 (non

323 1047 510 1105 statim
537 1046 609 1105 ab
638 1048 801 1107 initio
827 1047 1102 1108 inutiliter
1133 1046 1259 1107 fieri
1285 1053 1684 1107 testamentum
1709 1045 1825 1105 filio
1852 1048 2185 1127 praeterito

328 1148 486 1199 124.
521 1139 748 1200 Ceteras
774 1159 908 1200 vero
936 1138 1251 1200 liberorum
1294 1158 1566 1221 personas
1602 1140 1650 1197 si
1686 1138 2027 1219 proeterierit
2070 1146 2185 1197 tes

323 1240 497 1303 tator,
529 1232 676 1292 valet
718 1240 1134 1294 testamentum.
1170 1234 1465 1294 Praeteritoe
1492 1236 1611 1294 istie
1642 1252 1894 1314 personis
1936 1234 2185 1313 scriptis

321 1323 625 1385 heredibus
661 1326 720 1384 in
755 1336 982 1407 partem
1026 1326 1357 1387 adcrescunt
1384 1348 1404 1385 .·
1432 1329 1484 1387 si
1510 1328 1603 1387 sui
1628 1327 1888 1387 instituti
1913 1326 2083 1401 sint,
2126 1327 2185 1383 im

322 1418 566 1489 virilem;
603 1421 649 1477 si
677 1422 961 1493 extranei,
987 1422 1045 1479 iu
1069 1420 1363 1480 dimidiam
1390 1420 1482 1479 :id
1510 1430 1620 1494 est,
1647 1420 1693 1478 si
1714 1421 1843 1499 quis
1864 1427 1981 1478 tres
2006 1418 2185 1479 verb:

321 1513 503 1591 gratia
531 1510 674 1571 filios
701 1511 937 1572 heredes
969 1515 1309 1583 instituerit,
1350 1522 1406 1572 et
1436 1513 1614 1572 filium
1657 1513 1973 1593 preterierit
1992 1556 2007 1583 ,
2056 1510 2185 1571 filia

322 1602 692 1663 edet-escendo
721 1625 826 1687 pro
855 1614 1059 1686 quartu
1086 1613 1247 1684 perte
1273 1605 1337 1662 fit
1363 1605 1527 1665 heres
1544 1650 1558 1677 ,
1592 1603 1817 1683 placuit
1847 1606 2004 1663 enim
2042 1620 2185 1669 eam

320 1694 590 1755 tuendam
617 1714 728 1754 esse
746 1714 861 1777 pro
889 1696 996 1756 hac
1011 1705 1215 1777 parte,
1240 1699 1379 1777 quia
1398 1696 1474 1757 ab
1493 1700 1758 1757 intestato
1788 1714 1913 1756 eam
1936 1706 2185 1775 partem

319 1788 586 1849 habitura
615 1799 788 1862 esset3
823 1798 880 1849 at
921 1794 967 1850 si
1005 1800 1302 1851 extraneos
1338 1791 1433 1850 ille
1469 1791 1705 1851 heredes
1738 1790 2051 1849 instituerit
2076 1836 2093 1861 ‚
2132 1800 2183 1851 et

319 1883 495 1945 filiam
531 1887 895 1965 proeterierit‚
935 1884 1054 1946 filia
1091 1886 1469 1947 aderescendo
1512 1908 1580 1947 ex
1620 1886 1854 1945 dimidie
1894 1893 2073 1965 perte
2122 1885 2183 1945 sit

318 1976 497 2037 heres.
531 1980 663 2050 Quae
707 1976 778 2037 de
812 1976 932 2036 filia
958 1977 1232 2051 diximuS,
1280 1979 1477 2039 eadem
1516 1988 1574 2041 et
1616 1979 1687 2038 de
1732 1985 1935 2059 nepote
1980 1976 2183 2058 deque

319 2070 585 2131 omnihus
610 2071 924 2133 liberorum
954 2076 1239 2153 personis,
1280 2077 1396 2134 sive
1424 2072 1724 2134 masculini
1758 2076 1871 2133 sive
1897 2072 2183 2132 feminini

320 2185 515 2240 sexus,
551 2164 698 2225 dicta
725 2166 1119 2247 intelligemus.
1215 2180 1369 2228 125.
1403 2168 1547 2240 Quid
1576 2187 1712 2249 ergo
1742 2166 1863 2226 est‘?
1898 2164 2033 2225 lieet
2074 2188 2182 2238 eze,

321 2258 631 2319 seeundum
677 2278 744 2320 ea
785 2280 911 2341 quoe
954 2261 1229 2332 diximus,
1268 2265 1491 2344 scriptis
1526 2260 1831 2322 heredibus
1862 2258 2182 2321 dimidiam

320 2362 542 2434 partem
566 2362 788 2413 tantum
817 2353 1133 2427 detrahant,
1151 2365 1340 2414 tamen
1369 2365 1580 2437 praetor
1602 2358 1682 2416 eis
1710 2362 1907 2421 contre
1936 2352 2182 2414 tabulas

319 2447 608 2507 honorum
655 2450 1067 2528 possessionem
1115 2452 1424 2529 promittit3
1477 2472 1590 2533 qus
1634 2452 1855 2511 ratione
1910 2450 2182 2509 extranei

319 2540 554 2601 heredes
574 2561 610 2599 a
627 2549 746 2600 tota
766 2540 1074 2601 hereditate
1093 2541 1464 2623 repelluntur.
1557 2555 1715 2604 12⁸.
1750 2545 1819 2602 Et
1842 2541 2177 2601 efficeretur

320 2656 457 2697 sene
473 2656 587 2717 per
608 2636 757 2696 hanc
778 2637 1060 2697 honorum
1090 2641 1529 2717 possessionem,
1553 2646 1622 2701 ut
1650 2635 1794 2697 nihil
1822 2639 1971 2696 inter
2001 2634 2173 2695 femi-

321 2749 424 2787 nas
447 2738 500 2787 et
519 2727 802 2789 masculos
831 2732 1120 2790 interesset
1146 2752 1160 2788 ε
1185 2728 1283 2789 sed
1302 2750 1488 2810 nuper
1510 2734 1819 2810 imperator
1838 2729 2171 2787 Antoninus

320 2822 654 2902 significavit
689 2824 960 2903 rescripto
997 2843 1122 2893 suo,
1170 2843 1289 2883 non
1327 2824 1455 2905 plus
1492 2827 1743 2885 nancisei
1781 2823 2023 2882 feminas
2054 2844 2169 2903 per

316 2915 599 2976 bonorum
631 2918 1039 2995 possessionem
1058 2963 1071 2988 ,
1107 2938 1275 2997 quam
1306 2919 1456 2999 quod
1476 2921 1607 2998 jure
1638 2916 1993 2978 adcrescendi
2024 2936 2165 2975 con-

319 3017 706 3087 sequerentur.
733 3008 892 3079 Quod
910 3012 966 3067 in
987 3012 1356 3090 emancipatis
1358 3013 1608 3089 seminis.
1624 3010 1890 3071 similiter
1912 3009 2154 3081 obtinet,

317 3102 530 3163 scilicet
561 3113 630 3165 ut
660 3104 813 3185 quod
849 3104 1203 3163 adcrescendi
1229 3107 1360 3183 jure
1390 3107 1668 3167 habitura
1694 3116 1910 3175 essent,
1950 3107 1996 3163 si
2039 3124 2161 3163 suoe

322 3198 575 3273 fuissent,
592 3200 645 3258 id
661 3202 851 3280 ipsum
865 3202 1035 3259 etiem
1047 3199 1445 3279 perbonorum
1460 3205 1871 3293 possessionem
1884 3199 2150 3261 habeant,
2180 3208 2182 3238 ³

289 3628 564 3639 ι-ῌ----
767 3636 774 3638 -
805 3624 1535 3641 Α-ἑὲ-ΛἺ-ὲῌ-ῴ-ω-ῌ-ψμ-
1556 3634 1973 3641 n—-fi—...n——u-—ss—i.
1998 3638 2005 3640 .
2024 3638 2029 3640 .
