2292 3684
219 104 370 145 ausr.
397 102 545 145 tus-r.
570 103 624 145 1..
652 103 738 157 ut,
771 102 826 143 τ.
846 102 926 145 xi.
966 102 1040 143 nn
1065 102 1136 143 no
1163 102 1256 143 cm
1283 102 1393 143 mn.
1426 102 1475 143 c,
1511 98 1655 142 aona
1680 100 1869 141 inme.
1910 87 2015 141 429

185 207 412 265 nemine
439 178 756 266 successore
773 204 848 265 ab
875 207 1130 266 intestato
1160 208 1453 278 existente,
1478 206 1539 263 in
1569 222 1636 263 ea
1662 202 2015 263 causa-bona

185 296 308 374 ejus
335 316 456 357 esse
489 304 780 377 coepernnt
813 305 876 359 ut
909 300 1100 357 venire
1135 297 1406 369 debeant,
1446 300 1495 355 is
1533 296 1695 375 cujus
1726 295 1795 354 de
1842 316 1911 355 ea
1954 316 2013 356 re
2120 371 2129 385 Ι

185 390 341 449 notio
368 397 450 448 est
474 389 658 449 aditus
686 390 962 450 rationem
990 388 1252 449 desiderii
1277 392 1356 450 tui
1382 386 1637 461 habebit,
1668 396 1750 461 ut,
1780 387 2013 447 liberta-

183 490 326 554 tum,
357 490 472 540 tam
512 500 708 541 earum
736 500 860 562 quse
886 481 1094 542 directo
1114 527 1130 554 ,
1165 468 1337 563 quain
1364 501 1563 541 earum
1590 500 1715 561 quae
1752 500 1853 560 per
1881 500 2014 561 spe-

183 576 328 635 ciem
363 566 777 635 fideicommissi
802 574 1006 657 relicta}
1044 584 1201 648 sunt,
1231 574 1567 634 tuendarum
1596 575 1808 655 gratia,
1853 574 2015 633 addi-

183 677 385 728 cantur
417 667 553 741 tibi,
589 670 636 727 si
676 667 876 727 idonee
904 668 1275 728 creditoribus
1304 669 1515 728 caveris
1551 666 1619 727 de
1656 666 1834 727 solido
1862 666 2013 747 quod

181 762 388 843 cuique
418 759 654 822 debetur
679 761 961 825 solvendo.
1008 763 1077 822 Et
1107 764 1149 821 ii
1192 762 1421 843 quidem
1448 760 1655 843 quibus
1696 761 1904 820 directa
1942 760 2013 819 li-

181 854 372 915 bertas
401 856 530 915 data
555 862 663 929 est,
694 854 928 936 perinde
962 854 1130 915 liberi
1162 863 1355 927 erunt,
1385 875 1451 915 ac
1478 856 1527 913 si
1557 853 1835 915 hereditas
1864 855 2013 913 adita

184 954 357 1018 esset3
397 949 435 1007 ii
467 954 654 1007 autem
683 966 824 1028 quos
859 946 1022 1007 heres
1059 949 1457 1015 manumittere
1492 955 1720 1027 rogatus
1748 955 1859 1014 est,
1892 968 1927 1006 a
1961 954 2013 1007 te

183 1039 500 1101 libertatem
544 1048 994 1120 consequentur:
1040 1042 1122 1099 ita
1160 1048 1254 1112 ut,
1300 1042 1349 1099 si
1388 1059 1505 1099 non
1544 1038 1655 1099 alia
1693 1038 2013 1100 conditione

83 1143 92 1152 “
181 1130 322 1192 velis
347 1131 500 1191 bona
525 1132 630 1191 tibi
657 1132 864 1203 addici,
896 1152 1069 1213 quam
1098 1140 1163 1190 ut
1187 1134 1356 1191 etiam
1385 1133 1486 1214 qui
1523 1131 1731 1191 directo
1772 1130 2011 1191 liberta-

181 1235 299 1286 tem
324 1232 684 1306 acceperuut,
715 1227 796 1284 tui
820 1224 1012 1284 liberti
1037 1224 1176 1284 fiant
1216 1225 1335 1305 (1),
1372 1244 1506 1283 nam
1542 1223 1675 1284 huic
1711 1226 1880 1285 etiam
1907 1244 2011 1285 vo-

179 1320 388 1380 luntati
431 1328 566 1391 tuae,
611 1322 659 1380 si
702 1322 745 1379 ii
785 1339 1030 1401 quornm
1071 1318 1139 1380 de
1194 1328 1343 1379 statu
1398 1322 1585 1401 agitur
1630 1320 2011 1393 consentiant,

182 1414 569 1473 auctoritatem
613 1422 868 1473 nostram
904 1410 1424 1473 accommodamus.
1468 1412 1538 1470 Et
1565 1432 1637 1471 ne
1670 1410 1841 1490 hujus
1889 1431 2014 1473 res-

181 1506 476 1584 criptionis
509 1514 713 1565 nostrae
749 1503 1193 1564 emolumentum
1231 1502 1345 1563 alia
1370 1505 1590 1563 ratione
1624 1505 1853 1563 irritum
1879 1503 2006 1573 fiat,

183 1600 232 1657 si
258 1596 426 1658 fiscus
461 1598 614 1679 bona
645 1618 952 1679 agnoscere
989 1592 1261 1671 voluerit,
1294 1605 1349 1656 et
1388 1598 1431 1657 ii
1457 1598 1569 1677 qui¹
1592 1595 1763 1657 rebus
1805 1600 2014 1657 nostris

179 1691 497 1764 attendunt,
529 1694 704 1751 scient
731 1691 1026 1752 commodo
1054 1692 1383 1772 pecuniario
1411 1687 1819 1770 praefere'ndam
1846 1689 2013 1751 liber·

179 1787 314 1845 tatis
335 1805 581 1859 causam,
613 1794 668 1846 et
692 1788 772 1846 ita
799 1784 952 1845 bona
978 1784 1249 1867 cogenda,
1278 1794 1344 1844 ut
1368 1783 1602 1845 libertas
1631 1788 1699 1844 iis
1726 1784 1880 1845 salva
1905 1788 2006 1855 sit,

179 1880 284 1960 qui
309 1898 434 1939 eam
451 1878 685 1960 adipisci
710 1885 1016 1958 potnerunt
1039 1880 1088 1937 si
1114 1876 1395 1949 hereditas
1416 1896 1487 1936 ex
1502 1885 1839 1937 testamento
1861 1878 2012 1938 adita

179 1981 348 2033 esset.
381 1998 407 2028 n

263 2072 334 2129 2.
378 2063 500 2124 Hoc
523 2066 796 2145 rescripto
833 2062 1172 2123 subventum
1212 2072 1295 2123 est
1331 2073 1385 2124 et
1413 2062 1798 2136 libertatibus,
1828 2072 1883 2123 et
1910 2063 2011 2123 de-

183 2156 420 2228 functis,
469 2176 544 2215 ne
588 2154 743 2216 bona
788 2173 985 2217 eorum
1025 2175 1060 2213 a
1104 2154 1477 2216 creditoribus
1517 2154 1909 2237 possideantur
1958 2164 2013 2216 et

182 2256 445 2309 veneant.
473 2247 636 2309 Certe
663 2250 714 2307 si
740 2247 953 2307 fuerint
970 2246 1076 2307 hac
1092 2247 1163 2307 de
1190 2268 1361 2309 causa
1386 2246 1541 2309 bona
1570 2242 1812 2321 addicta:
1835 2260 2013 2309 cessat

175 2340 468 2402 bonorum
496 2341 784 2402 venditio·
818 2343 998 2402 extitit
1025 2342 1179 2401 enim
1218 2341 1462 2402 defuncti
1493 2341 1779 2414 defensor,
1812 2351 1865 2402 et
1890 2344 2011 2424 qui-

175 2434 312 2495 dem
339 2434 603 2506 idoneus,
633 2436 731 2515 qui
756 2432 826 2494 de
854 2432 1032 2495 solido
1052 2433 1425 2495 creditoribus
1452 2443 1625 2496 cavet.

261 2537 324 2588 8.
360 2526 423 2586 ln
453 2528 650 2607 primis
675 2526 785 2588 hoc
811 2528 1151 2606 rescriptum
1179 2516 1380 2586 totiens
1404 2525 1593 2587 locum
1629 2528 1831 2603 habet,
1864 2550 2013 2639 quo-

173 2623 326 2681 tiens
369 2629 700 2681 testamento
736 2620 1026 2681 libertates
1067 2620 1207 2679 datae
1245 2630 1393 2679 sunt.
1426 2620 1572 2692 Quid
1614 2641 1777 2703 ergo,
1808 2623 1857 2680 si
1884 2625 2011 2703 quis

175 2716 474 2775 intestatus
491 2713 764 2775 decedens
790 2711 1058 2774 codicillis
1079 2713 1366 2773 libertates
1392 2712 1621 2784 dederit,
1652 2715 2011 2794 nequeadita

179 2809 251 2866 sit
276 2805 352 2866 ab
377 2808 644 2866 intestato
664 2803 985 2867 hereditas?
1015 2804 1197 2864 Favor
1223 2805 1631 2865 constitutionis
1670 2802 1894 2864 debebit
1918 2804 2011 2865 lo-

179 2919 312 2959 cum
331 2898 566 2959 habere.
599 2898 782 2972 Certe,
813 2900 864 2959 si
891 2905 1120 2959 testatus
1151 2898 1396 2968 decedat,
1420 2906 1474 2958 et
1500 2897 1769 2958 codicillis
1796 2897 2011 2959 dederit

178 2991 530 3061 libertatem,
564 3000 878 3073 competere
901 3012 1028 3052 eam
1057 2994 1271 3052 nemini
1302 2982 1538 3051 dubium
1566 3000 1665 3052 est.

241 3164 316 3229 (l)
349 3164 672 3213 Anacoluthou
704 3167 750 3212 in
786 3176 997 3212 contextu
1032 3176 1128 3220 est,
1166 3182 1259 3227 quo
1232 3166 1292 3212 od
1326 3168 1526 3213 evanesc'
1534 3178 1583 3222 t,
1648 3165 1795 3213 iedel
1774 3169 1915 3212 everis
1960 3176 2012 3210 ut

180 3228 256 3275 vel
279 3244 418 3303 quam
445 3236 500 3276 ut
523 3232 674 3281 etiam,
709 3227 784 3273 vel
818 3231 960 3275 iterav
935 3244 1028 3275 vm
1017 3228 1261 3289 'csfimtst
1236 3228 1353 3275 veli
1340 3244 1435 3274 usn
1416 3200 1625 3292 sequedti
1653 3228 1754 3274 dele
1730 3232 1877 3275 eivers
1900 3245 1961 3274 ne
1934 3244 2009 3273 em

183 3303 230 3337 et
245 3289 408 3352 legeris
425 3290 830 3339 accommodemus.
