2292 3684
263 13 368 69 572
513 27 630 70 cm
661 27 804 70 msr.
855 29 905 70 c.
943 28 1020 82 tv,
1051 10 1116 82 ἓξ
1146 12 1341 66 23·ss
1384 25 1543 66 muts
1562 23 1851 70 act-tonus.

262 129 331 190 de
353 149 566 211 sponsu
595 131 862 192 adversus
891 150 1024 190 eum
1051 131 1151 210 qui
1174 149 1209 190 a
1231 148 1509 210 sponsore
1530 128 1661 210 plus
1690 149 1867 210 quam
1884 129 2121 190 virilem
2237 211 2238 214 Ἴ

261 231 480 302 partem
511 225 809 306 exegisset3
836 231 893 283 et
918 221 1163 304 denique
1188 220 1510 303 complures
1540 221 1663 282 aliae
1692 221 1845 302 leges
1872 224 1935 280 in
1962 221 2125 282 mul·
2237 265 2238 286 ι

259 315 329 374 tis
355 317 538 376 causis
568 315 740 376 talem
773 317 1052 376 actionem
1079 312 1375 374 dederunt.
1413 323 1531 375 28.
1560 312 1671 374 Sed
1701 313 1833 373 alioe'
1850 312 2007 395 leges
2034 333 2121 372 ex

261 406 600 487 quibusdam
657 409 844 470 causis
905 408 1319 468 constituerunt
1378 406 1653 488 quasdam
1704 409 1954 468 actiones
2004 427 2125 488 per

261 519 464 560 manus
496 501 860 580 injectionem
879 546 894 569 ‚
923 500 1019 560 sed
1048 521 1283 581 puram,
1306 499 1367 559 id
1395 507 1503 572 est,
1531 520 1647 561 non
1675 521 1783 582 pro
1815 499 2077 592 judicatp
2102 524 2121 560 ε

259 592 411 652 velut
437 592 529 652 lex
560 593 805 674 (Furia)
839 594 1264 654 testamentaria
1296 593 1565 654 adversus
1598 613 1729 654 eum
1762 595 1862 674 qui
1890 593 2127 676 legato-

261 705 392 746 rum
419 687 651 747 nomine
677 688 944 749 mortisve
977 705 1149 747 causa
1180 685 1309 766 plus
1337 689 1401 746 M
1422 685 1645 746 assibus
1671 686 1945 767 cepisset,
1976 705 2124 746 cum

261 799 330 838 ea
363 778 488 860 lege
523 799 640 841 non
674 788 820 840 esset
855 787 1122 861 exceptus
1155 787 1217 839 ut
1244 780 1299 840 ei
1324 778 1453 860 plus
1480 799 1685 860 capere
1712 779 1937 850 liceret;
1971 781 2124 839 item
2237 779 2238 852 Ῑ

61 941 70 948 ,
189 870 207 896 ²
258 871 352 932 lex
379 873 590 935 Marcia
615 873 882 934 adversus
914 873 1315 946 foeueratores,
1341 880 1431 948 ut,
1462 874 1511 932 si
1538 893 1743 934 usuras
1766 875 2121 954 exegissent,
2237 861 2238 890 ³

261 966 330 1028 de
352 966 442 1027 his
471 966 768 1028 reddendis
794 988 898 1048 per
924 987 1129 1028 manus
1157 967 1521 1048 injectionem
1554 988 1685 1028 cum
1712 969 1797 1028 eis
1824 976 2115 1048 ageretur.

261 1071 385 1122 24.
411 1061 496 1121 Ex
521 1059 729 1142 quibus
759 1061 1000 1144 legibus,
1032 1070 1086 1122 et
1112 1063 1163 1121 si
1194 1082 1319 1142 quae
1346 1061 1472 1120 aliae
1502 1061 1715 1124 similes
1739 1071 1953 1134 essent,
1974 1081 2119 1122 cum

263 1151 562 1235 agebatur,
611 1175 850 1216 manum
896 1153 1006 1214 sibi
1056 1152 1343 1235 depellere
1392 1162 1448 1214 et
1496 1175 1605 1236 pro
1651 1175 1713 1216 se
1762 1153 1887 1238 lege
1910 1175 2123 1236 agero

266 1243 547 1328 (licebat).
581 1247 724 1308 Nam
747 1255 801 1308 et
828 1255 984 1308 actor
1005 1247 1066 1305 in
1093 1249 1222 1328 ipsa
1245 1245 1387 1328 legis
1417 1249 1637 1308 actione
1662 1266 1780 1309 uon
1806 1245 2125 1326 adjiciebat

262 1336 373 1399 hoc
397 1339 636 1400 verbum
667 1359 766 1401 rao
796 1333 1072 1413 tunicam,
1099 1338 1198 1400 sed
1223 1341 1519 1400 nominata
1540 1360 1713 1400 causa
1739 1359 1812 1400 ex
1838 1359 1954 1420 qua
1976 1358 2123 1420 age-
2237 1335 2238 1344 ³

261 1431 387 1506 bat,
425 1435 506 1494 ita
532 1432 788 1494 dicebat:
826 1453 892 1494 oa
925 1453 1035 1494 ssu
1073 1453 1186 1494 asu
1210 1451 1315 1494 seo
1350 1451 1457 1494 'rm
1490 1452 1678 1496 mun
1705 1451 1923 1505 marem
1972 1451 2118 1493 cum

261 1523 323 1584 hi
353 1523 560 1608 quibus
587 1547 693 1606 pro
714 1525 966 1606 judicato
1004 1517 1150 1586 actio
1176 1525 1308 1586 data
1333 1535 1482 1598 erat,
1512 1527 1809 1586 nominata
1833 1545 2007 1586 causa
2034 1545 2119 1584 ex

262 1638 376 1700 qua
407 1617 677 1702 agebant,
713 1622 792 1679 ita
820 1617 1144 1679 inserebant
1176 1641 1189 1678 :
1232 1637 1298 1679 oa
1328 1637 1439 1680 m
1468 1638 1581 1679 nm
1610 1635 1714 1679 mo
1743 1637 1849 1678 ‘rim
1880 1614 2113 1679 00030-

263 1731 454 1774 meno
503 1731 690 1776 neuun
735 1731 943 1775 mucro.
991 1713 1104 1774 Nec
1158 1733 1251 1774 me
1299 1715 1573 1794 praeterit,
1618 1715 1679 1772 in
1722 1711 1911 1773 forma
1960 1711 2115 1793 legis

261 1807 444 1866 Furio
476 1809 904 1868 testamentariis
931 1825 1029 1868 ruo
1060 1823 1307 1867 suntcsro
1350 1804 1587 1867 verbum
1622 1806 1830 1876 inseri,
1866 1819 1999 1864 cum
2038 1807 2108 1864 iu

263 1901 388 1980 ipsa
433 1898 556 1982 lege
597 1919 714 1960 uon
762 1901 835 1960 sit
871 1921 884 1956 :
918 1899 1071 1980 quod
1117 1897 1337 1958 videtur
1378 1897 1539 1958 nulla
1588 1900 1806 1960 ratione
1858 1898 2107 1959 fectum.

264 2004 384 2055 25.
417 1993 526 2054 Sed
566 2003 765 2074 postea
809 1992 932 2074 lege
975 2037 992 2054 .
1035 2038 1049 2054 .
1103 2037 1118 2053 .
1167 2039 1226 2073 2,
1258 2001 1491 2074 excepto
1517 1990 1768 2072 judicato
1807 2000 1863 2052 01
1896 2010 1965 2052 οο
1997 2011 2112 2072 pro

265 2105 380 2168 quo
407 2084 857 2167 depensum-est,
886 2087 1084 2146 ceteris
1111 2084 1381 2145 omuibus
1400 2131 1416 2158 ,
1448 2104 1582 2144 cum
1606 2083 1817 2165 quibus
1848 2103 1955 2165 per
1979 2103 2113 2144 ma-

267 2201 375 2240 nus
421 2182 781 2261 injectionem
835 2179 1142 2260 agebatur,
1181 2181 1527 2262 permissum
1572 2187 1657 2238 est
1704 2178 1815 2239 sibi
1862 2199 2111 2239 manum

265 2273 547 2356 depellere
577 2283 633 2335 et
658 2295 765 2356 pro
801 2294 864 2335 se
899 2294 1084 2358 agere.
1113 2275 1309 2356 Itaque
1335 2275 1621 2356 judicatus
1658 2283 1714 2335 et
1754 2275 1804 2332 is
1844 2293 1953 2355 pro
1990 2293 2110 2355 quo

265 2368 579 2448 depensum
617 2377 726 2441 est,
757 2370 928 2428 etiem
959 2375 1088 2450 post
1115 2366 1265 2428 banc
1290 2366 1501 2450 legem,
1526 2365 1803 2427 vindicem
1836 2365 1977 2426 dare
1998 2365 2107 2426 dc*

267 2460 498 2534 bebant,
525 2468 601 2534 et,
627 2462 739 2522 nisi
765 2461 986 2531 darent,
1011 2461 1247 2522 domum
1272 2459 1657 2532 ducebantur;
1684 2457 1878 2544 idque,
1902 2479 2108 2540 quum—

263 2555 360 2616 diu
391 2555 529 2637 legis
555 2557 801 2618 actiones
826 2557 890 2615 in
918 2577 1026 2617 usu
1053 2564 1247 2636 erent,
1278 2575 1503 2635 semper
1527 2557 1608 2614 ita
1635 2551 2050 2615 observabatur
2086 2575 2101 2611 ε

267 2648 419 2710 unde
459 2651 664 2711 nostris
703 2650 1053 2731 temporibus
1093 2653 1143 2710 is
1190 2670 1321 2710 cum
1363 2669 1476 2731 quo
1516 2647 1753 2728 judicati
1800 2645 2132 2728 depensive.

269 2745 484 2824 egitur,
511 2741 827 2824 judicatum
858 2742 1000 2804 solvi
1027 2728 1300 2803 satisdare
1330 2744 1569 2825 cogitur.

349 2848 462 2900 ⁴28.
484 2837 592 2897 Per
609 2838 861 2918 pignoris
887 2838 1191 2918 cepionem
1209 2836 1335 2918 lege
1358 2833 1633 2918 agebatur
1658 2832 1731 2894 de
1756 2831 2107 2914 quibusdam

269 2928 441 2989 rebus
464 2929 752 3002 moribus,
781 2927 879 3010 (de
897 2927 1269 3012 quibusdam)
1296 2929 1437 3011 lege.
1521 2939 1638 2990 2¹21.
1669 2925 1994 2987 Introducta
2020 2940 2109 2987 est

269 3019 556 3093 moribus,
600 3024 684 3081 rei
723 3019 1003 3082 militaris.
1044 3022 1191 3083 Nam
1234 3030 1467 3104 propter
1508 3019 1851 3104 stipendium
1896 3016 2105 3080 licebat

197 3115 211 3130 ‘
269 3114 430 3174 militi
461 3115 534 3174 ab
565 3134 629 3174 eo
659 3116 757 3195 qui
785 3113 1187 3187 distribuebat,
1207 3117 1331 3174 nisi
1366 3114 1557 3187 daret,
1592 3115 1805 3198 pignus,
1840 3133 2046 3193 capere
2090 3137 2102 3172 :

217 3285 222 3288 Ι
268 3206 562 3266 dicebatur
611 3217 797 3265 sutem
854 3226 920 3265 ea
977 3199 1215 3288 pecunia
1266 3227 1389 3286 qnoe
1426 3205 1691 3287 stipendii
1722 3207 1955 3264 nomine
1995 3205 2101 3266 da-
