2292 3684
342 105 445 158 910
926 114 1204 156 vulcam
1241 74 1590 157 rasennam.

340 222 783 278 instrumentum
826 218 1130 295 emptionis
1167 215 1256 276 vel
1285 216 1461 276 debiti
1501 227 1757 276 tenorem
1803 218 2201 298 comprehen-

304 371 312 382 ,
343 312 475 372 dere
514 311 794 390 videatur,
824 318 1015 370 tamea
1054 309 1226 369 claris
1261 310 1662 386 donationibus
1685 311 1774 390 (l)
1805 313 2080 391 probata
2117 314 2204 372 de-

342 404 440 464 bet
478 405 539 462 in
580 405 800 462 irritum
842 401 1138 471 devocari3
1177 402 1454 482 siquidem
1499 400 1922 462 consultissima
1987 407 2206 464 ratione
2252 465 2253 468 ,

222 561 231 570 ,
345 495 600 555 videatur
626 514 747 554 esse
778 495 1096 572 provisum,
1128 495 1496 554 matrimonio
1533 502 1828 554 constante
1857 495 2208 555 donationes

344 591 495 648 inter
532 589 715 646 vir-um
758 598 811 645 et
850 606 1086 646 uxorem
1116 586 1200 660 (2)
1241 607 1307 645 ac
1345 607 1392 646 r.
1423 589 1484 646 iu
1527 634 1542 649 .
1590 634 1604 647 .
1653 631 1668 647 .
1715 596 1834 646 atas
1859 589 1951 667 (3)
1991 591 2210 650 nullam

345 682 669 742 firmitatem
718 679 946 739 habere.
998 681 1111 738 Nec
1159 679 1268 738 sibi
1323 679 1534 740 debent
1583 681 1853 741 mulieres
1907 683 2210 752 blandiri.

344 790 695 854 quamquam
724 771 1039 832 venditores
1082 771 1171 830 vel
1201 771 1508 845 debitores,
1542 773 1612 832 ad
1649 771 1970 834 eludendas
2017 776 2212 858 legu-

348 866 692 936 sanctiones,
724 865 914 922 mariti
942 883 1137 922 earum
1169 884 1230 923 se
1259 863 1404 924 falso
1431 865 1726 924 videantur
1763 885 1886 926 esse
1927 869 2210 946 professi.

348 956 534 1028 Quare
578 956 821 1016 Vettium
866 955 1167 1028 Rufinum,
1213 955 1594 1018 clarissimum
1635 960 1820 1018 virum
1865 961 2214 1040 praefectum

226 1043 239 1054 ’
346 1047 506 1122 urbi,
540 1051 785 1111 amicum
816 1059 1103 1116 nostrum,
1134 1049 1298 1126 cujus
1327 1051 1482 1109 notio
1515 1059 1627 1121 est,
1661 1050 1816 1110 adire
1847 1071 1970 1110 non
2007 1055 2217 1134 probi-

230 1213 239 1226 ·
348 1143 523 1216 beris,
554 1145 653 1223 qui
672 1145 931 1224 partium
962 1142 1396 1224 allegationibus
1423 1147 1768 1205 examinatis
1799 1139 2082 1224 petitioni
2117 1159 2216 1206 tut

348 1235 657 1296 secuudum
698 1236 847 1314 juris
884 1237 1204 1316 providebit
1235 1237 1534 1316 justitiam.
1575 1238 1698 1297 Dat.
1733 1238 1872 1298 XIV.
1905 1238 2038 1302 kal.
2071 1243 2212 1301 Nor.

347 1327 688 1390 Mediolano.
722 1329 1096 1388 Constantino
1122 1337 1180 1388 et
1205 1329 1422 1388 Licinio
1449 1349 1644 1390 conss.
1683 1329 1872 1409 (315.)

324 1459 345 1476 .
431 1431 596 1481 2⁸14.
640 1419 795 1478 Idem
840 1419 1081 1478 Aurelioe
1132 1420 1358 1480 Sabinae
1409 1424 1527 1482 sive
1575 1422 1885 1482 Gaudiosoe.
1938 1423 2110 1484 Licet
2161 1428 2216 1484 in

351 1522 621 1594 potestate
657 1512 759 1572 filii
800 1511 979 1594 [sunt]
1006 1513 1271 1594 degentes
1309 1514 1678 1574 donationum
1714 1514 1988 1574 effectum
2030 1536 2067 1575 a
2113 1539 2218 1598 pa·

354 1617 439 1666 tre
485 1604 595 1664 sibi
642 1603 929 1666 conlatum
978 1625 1111 1666 mox
1162 1609 1429 1686 consequi
1477 1625 1595 1668 non
1651 1625 1816 1687 posse
1865 1607 2216 1686 videantur,

355 1709 546 1756 tamen
568 1707 961 1776 perseverante
986 1696 1280 1758 voluntate
1305 1698 1378 1758 ad
1405 1701 1588 1758 instar
1607 1701 1804 1761 mortis
1833 1719 2010 1760 causa
2033 1701 2218 1762 dona·

354 1793 521 1850 tionis
572 1789 963 1869 hujuscemodi
1016 1789 1414 1852 liberalitatem
1470 1791 1652 1874 redigi
1701 1801 1966 1873 oportere
1988 1840 2006 1864 ‚
2060 1783 2253 1874 retro}

355 1887 683 1964 principum
729 1885 1018 1964 rescriptis
1072 1888 1428 1965 cognoscitur
1481 1904 1604 1945 esse
1650 1904 2002 1948 concessum.
2061 1877 2253 1966 Unde}

354 1981 543 2037 virum
588 1975 965 2036 clarissimum
1020 1976 1356 2054 praefectum
1409 1976 1570 2050 urbi,
1617 1979 1862 2039 amicum
1909 1991 2214 2050 nostrum,
2252 1979 2253 2006 *

358 2071 521 2150 cujus
562 2071 715 2128 notio
752 2077 863 2141 est,
894 2068 1050 2128 adire
1086 2089 1202 2128 non
1245 2069 1596 2148 prohiberis,
1629 2075 1754 2149 qui,
1787 2071 2068 2132 omnibus
2112 2076 2218 2131 rite
2252 2069 2253 2130 J

356 2161 741 2232 consideratiS,
772 2179 899 2241 qua
924 2163 985 2220 in
1016 2179 1240 2239 precem
1271 2170 1431 2220 tuam'
1457 2160 1800 2220 conserenda
1829 2183 1884 2219 m
1925 2209 1940 2222 .
1996 2206 2013 2221 .
2069 2209 2087 2224 .

362 2259 410 2316 si
450 2276 581 2336 pro
597 2256 941 2334 experientia
982 2274 1087 2314 sua
1124 2263 1273 2314 recte
1313 2300 1328 2315 .
1382 2303 1397 2318 .
1447 2303 1462 2316 .
1507 2301 1524 2316 .
1569 2299 1585 2316 .
1638 2299 1652 2314 .
1697 2257 1778 2315 ari
1821 2299 1836 2314 .
1883 2301 1898 2316 .
2020 2259 2253 2318 ,Dat

363 2349 505 2410 idib.
560 2349 861 2430 Augustis,
913 2349 1145 2420 Romae,
1197 2349 1568 2408 Constantino
1627 2356 1684 2408 et
1741 2347 1962 2408 Licinio
2027 2351 2218 2432 Augg.
2252 2401 2253 2460 3

370 2437 555 2506 conss.
590 2443 731 2525 (312
751 2441 801 2518 ⁶3)

444 2548 611 2598 ⁰⁸²5.
648 2537 769 2594 Divi
797 2535 1176 2596 Diocletianus
1215 2543 1270 2596 et
1311 2535 1690 2609 Constantius,
1715 2535 1943 2597 Sabinae
1982 2543 2044 2596 et
2085 2538 2224 2598 Dio·

369 2629 533 2692 dutoe.
566 2628 881 2690 Perfectam
920 2627 1281 2688 donationem
1315 2637 1532 2687 mutata
1565 2627 1854 2690 voluntate
1891 2629 2218 2700 donatoris,

371 2725 476 2783 etsi
506 2741 711 2802 parum
746 2729 943 2802 gratus
978 2723 1176 2780 existet
1211 2723 1302 2780 cui
1335 2719 1502 2780 domo
1542 2739 1634 2780 res
1671 2720 1802 2778 data
1835 2726 1949 2790 est,
1983 2723 2224 2780 minime

376 2816 639 2878 contendi
664 2815 745 2895 (4)
782 2833 945 2894 posse
972 2833 1119 2894 soepe
1149 2816 1483 2892 rescriptum
1513 2823 1618 2874 est.
1647 2815 1750 2874 PP.
1783 2813 1852 2874 V.
1883 2833 2024 2874 non.
2053 2817 2218 2874 Mart.

376 2909 713 2969 Nicomeuioe
732 2951 751 2984 ,
781 2909 1029 2966 Maximo
1054 2916 1109 2966 et
1136 2905 1404 2987 Aquilino
1431 2927 1616 2968 conss.
1639 2905 1822 2986 (286).

441 3085 1654 3161 (1)Gorrie‘g:doeuenmntis‚wzitprobacmihus

440 3121 1039 3256 (211)1m2irgme3scnoiolt
1147 3147 2220 3256 -eDidonationibusmt-tevixrumetuom

384 3214 471 3260 sub
501 3211 707 3272 emption
777 3211 847 3257 vel
874 3210 961 3256 sub
989 3210 1136 3256 debiti
1163 3227 1270 3273 spec
1344 3211 1437 3258 coll
1441 3213 1528 3259 aist

442 3275 513 3334 (3)
542 3272 627 3318 Alii
656 3269 699 3318 le
672 3288 792 3334 egun
764 3285 848 3318 nt:
1026 3275 1176 3319 insecu
1311 3228 1489 3321 ner-atas
1491 3273 1624 3324 ,Alii
1711 3287 1830 3321 cres
1852 3273 2054 3319 invscem
2073 3275 2218 3320 datas.

444 3341 510 3395 (1.)
548 3335 611 3378 l·o
614 3346 683 3378 ret
747 3349 827 3379 mn
798 3289 932 3380 vidia-5
966 3333 1037 3379 vel
1069 3351 1084 3381 .·
1116 3337 1322 3384 rescinde.
