2292 3684
0 82 55 122 τ.
96 82 148 122 ι.
186 82 259 137 11,
300 84 353 123 τ.
388 81 491 122 xn.
531 80 688 130 ome.
720 81 778 121 N.
808 79 864 121 ις.
896 80 1064 121 penu.
1098 78 1220 121 uc.
1249 78 1406 121 rear.
1456 66 1561 122 225

22 184 365 265 reliquerint.
411 184 468 244 Si
514 205 642 244 vero
686 185 933 243 intestati
973 182 1342 252 decesserint,
1390 181 1561 243 nullis

0 279 35 338 21
67 277 343 339 fratribus
377 272 793 360 superstitibuS,
827 277 900 338 nd
929 284 1189 357 parentes
1215 296 1413 336 eorum
1433 278 1565 355 jure

0 371 340 454 ipertinebit
359 372 469 452 (1).
493 373 576 432 Ex
593 371 702 432 hoc
721 371 1035 452 intelligere
1059 390 1381 452 possumus,
1415 369 1565 451 quod

0 468 40 525 is
86 466 414 547 adquisierit
459 465 622 526 miles
672 467 770 548 qui
812 467 875 525 in
916 473 1193 546 potestate
1235 466 1412 545 patris
1452 472 1561 537 est,

0 578 123 619 sum
141 566 368 639 patrem
386 558 634 637 adimere
657 577 844 639 posse,
869 577 1053 639 neque
1073 558 1250 638 patris
1268 557 1565 617 creditores

0 674 58 713 re
85 652 175 713 vel
205 652 368 721 aliter
392 654 739 735 iuquietare,
780 673 966 734 neque
993 662 1157 734 patre
1183 660 1409 712 mortuo
1437 671 1565 711 cum

0 766 325 806 >commune
343 764 483 819 esse,
505 746 604 806 sed
630 745 838 806 scilicet
860 747 1158 828 proprium
1177 747 1298 826 ejus
1326 765 1446 805 esse
1470 747 1565 825 qui

2 842 104 900 tris
128 838 480 919 adquisierit,
507 858 858 919 quamquam
872 840 1000 918 jure
1022 838 1172 899 civili
1191 839 1450 898 omnium
1469 842 1565 919 qui

0 940 95 993 nte
124 940 426 1013 parentum
454 940 615 1006 suut,
647 931 871 1013 peculia
913 932 1150 1013 perinde
1175 934 1237 991 in
1266 931 1430 992 bonis
1460 951 1569 1011 pa-

2 1033 437 1106 computnntur,
486 1045 551 1085 ac
598 1026 648 1084 si
692 1045 984 1085 servorum
1028 1025 1251 1107 peculia
1295 1028 1356 1083 in
1404 1024 1569 1084 bonis

0 1140 96 1180 um
145 1126 522 1181 numerantur
569 1142 584 1179 ε
624 1122 868 1201 exceptis
915 1119 1169 1181 videlicet
1213 1123 1284 1180 iis
1331 1140 1454 1199 quae
1501 1139 1569 1179 ex

0 1212 512 1274 nstitutionibus‘et
537 1216 819 1295 praecipue
840 1216 1045 1275 nostris
1065 1225 1300 1297 propter
1320 1213 1569 1275 diversae

0 1327 91 1367 ion
128 1306 521 1388 adquiruntur.
563 1308 771 1367 Praeter
801 1308 905 1368 hos
946 1311 1117 1389 igitur
1155 1310 1254 1390 qui
1289 1317 1569 1369 castrense

0 1422 24 1461 a
51 1400 138 1461 vel
166 1403 329 1482 quusi
362 1410 643 1462 castrense
665 1400 898 1475 habent,
928 1404 974 1461 si
1003 1405 1129 1483 quis
1162 1401 1308 1463 nlius
1334 1402 1569 1462 filiusfa-

0 1503 352 1555 mtementum
397 1494 616 1568 fecerit,
662 1493 860 1554 inutile
907 1503 1016 1568 est,
1064 1494 1194 1556 licet
1229 1515 1342 1556 suae
1380 1505 1569 1577 potes-

0 1598 79 1649 [us
104 1587 419 1649 decesserit.

0 1690 195 1743 mteree
218 1690 612 1742 testamentum
632 1680 818 1742 facere
834 1699 951 1740 non
970 1689 1210 1764 possunt
1228 1682 1569 1763 impuberes,

0 1775 123 1835 lum
151 1795 349 1835 eorum
373 1775 548 1834 animi
566 1774 845 1853 judicium
876 1782 987 1846 est;
1024 1777 1157 1833 item
1190 1774 1410 1849 furiosi,
1444 1777 1573 1856 quin

0 1877 186 1941 srentg
227 1888 333 1929 nec
372 1868 442 1927 ed
487 1888 609 1927 rem
645 1869 917 1949 pertinet,
961 1869 1009 1927 si
1043 1867 1573 1949 impubes,‚posteu

0 1973 74 2023 tut
98 1964 376 2036 furiosus,
409 1970 618 2046 posteat
634 1981 868 2044 compos
890 1964 1094 2022 mentis
1123 1962 1306 2023 sactus
1334 1962 1505 2024 fuerit
1522 1975 1573 2024 et

0 2059 50 2117 it.
80 2056 303 2115 Furiosi
330 2062 552 2127 antem,
585 2056 635 2114 si
661 2075 764 2136 per
795 2054 852 2115 id
882 2064 1106 2137 tempus
1135 2055 1372 2116 fecerint
1402 2064 1574 2116 testa-

24 2170 136 2230 quo
160 2149 326 2209 furor
352 2167 550 2208 eorum
578 2148 932 2207 intermissus
957 2156 1064 2219 est3
1083 2149 1216 2227 jure
1245 2150 1427 2209 testati
1454 2169 1573 2211 esse

0 2264 3 2277 ·
26 2250 211 2302 :certe
239 2260 307 2300 eo
323 2284 339 2313 ,
364 2239 514 2322 quod
535 2247 664 2299 ante
687 2239 938 2299 furorem
958 2240 1218 2314 feceriut,
1244 2247 1573 2303 testamento

31 2354 166 2394 nam
208 2353 393 2414 neque
433 2339 766 2398 testamenta
794 2339 941 2392 recte
970 2331 1147 2403 facta,
1178 2353 1365 2413 neque
1395 2333 1573 2393 ullum

0 2431 229 2509 igetium
273 2437 424 2488 recte
473 2433 722 2509 gestum,
763 2432 961 2506 postea
1006 2424 1167 2485 furor
1198 2428 1573 2488 interveniens

0 2637 64 2676 cm
91 2616 389 2698 prodigus,
429 2616 520 2676 cui
566 2615 849 2675 bonorum
886 2608 1573 2676 suorum'administratio

0 2734 33 2772 n
56 2723 165 2786 est,
188 2719 586 2772 testamentum
615 2709 800 2770 facere
826 2728 943 2769 non
972 2718 1183 2790 potest3
1213 2709 1311 2770 sed
1337 2710 1394 2769 id
1424 2711 1573 2791 quod

0 2809 133 2880 erit,
174 2827 347 2888 quem
382 2806 697 2867 interdictio
737 2825 975 2867 suorum
1012 2804 1296 2867 bonorum
1345 2808 1397 2868 ei
1442 2806 1569 2879 fiat,

0 2908 52 2964 tt.

0 3016 55 3056 m
76 2993 280 3055 surdus
304 3004 358 3054 et
376 3000 567 3053 mutus
590 3012 710 3054 non
724 3012 949 3074 semper
976 2990 1577 3071 testamentum-fecere

0 3234 66 3359 1:31
96 3242 144 3278 et
177 3231 379 3289 Valent„
412 3232 462 3280 Ι..
495 3233 552 3289 33
583 3231 672 3277 Lco
697 3239 740 3277 et
764 3228 920 3286 Anth„
955 3230 1009 3279 L.
1042 3231 1091 3284 4,
1131 3229 1199 3284 0.,
1234 3227 1306 3275 De
1342 3226 1445 3274 bon.
1475 3215 1577 3290 qim

0 3314 7 3339 ι
70 3331 82 3343 .

1206 3353 1298 3406 43.
