2292 3684
200 114 350 157 sust.
379 112 524 157 mar.
558 111 612 153 r..
644 110 730 165 m,
767 110 1010 156 nutv,
1045 110 1561 173 ottocarnouasszr
1592 110 1857 155 cononem.
1902 94 2024 153 485·

173 224 284 289 eat,
332 225 418 288 ut,
462 212 744 295 quamdiu
801 214 1004 293 penaio
1055 215 1170 292 aive
1224 215 1435 295 reditnp
1481 235 1586 296 pro
1635 214 1725 274 his
1775 212 2007 275 domino

173 318 486 393 prestetur,
515 328 700 389 neque
720 309 830 389 ipsi
851 308 1206 379 conductori,
1236 329 1420 390 neque
1442 306 1635 370 heredi
1664 310 1785 389 ejus
1803 355 1820 382 ‚
1850 308 2009 367 cuive

123 462 142 481 ,,
173 405 482 466 conductor
515 403 750 465 heu-esve
775 405 898 481 ejus
933 402 994 463 id
1018 403 1293 484 praedium
1323 403 1664 476 vendiderit,
1705 412 1804 463 aut
1830 402 2011 462 dona-

174 501 341 571 verit,
386 493 481 558 aut
509 497 655 557 dotia
680 500 911 557 nomine
939 498 1179 570 dederit,
1214 497 1393 559 aliove
1421 517 1649 579 quoquo
1676 497 1845 558 modo
1872 494 2011 556 alie·

176 594 395 652 navet-it
410 636 426 659 ‚
458 589 683 649 auferre
707 588 890 651 liceat.

258 682 366 743 Sed
392 680 520 741 talis
547 687 864 741 contractus
894 683 1028 763 quia
1055 683 1205 742 inter
1229 690 1440 742 veteres
1468 680 1853 753 dubitabatur,
1891 689 1945 740 ct
1979 702 2014 741 a

179 776 525 860 quibusdam
562 775 793 848 locatio,
838 795 875 834 a
915 774 1256 857 quibusdam
1283 776 1529 836 venditio
1567 774 2011 847 existimabatur,

175 872 270 933 lex
306 872 633 932 Zenoniana
659 870 746 950 (1)
781 869 899 931 lata
929 878 1037 943 est,
1081 891 1207 951 quoe
1240 870 1666 953 emphyteuseos
1705 872 2017 931 contractui

177 966 476 1045 propriam
503 964 696 1022 statuit
716 970 1008 1035 naturam,
1030 982 1216 1043 neque
1243 961 1315 1021 ad
1337 962 1673 1023 locationem
1689 1008 1704 1035 ‚
1732 982 1916 1043 neque
1944 960 2019 1021 ad

178 1056 561 1118 venditionem
585 1053 952 1117 inclinantem
967 1102 980 1128 ,
1014 1054 1111 1115 aed
1130 1057 1246 1115 suia
1265 1055 1627 1138 pactionibus
1646 1054 2013 1124 fulciendam3

183 1160 268 1225 et,
313 1153 363 1211 ai
398 1148 627 1232 quidem
655 1148 867 1231 aliquid
896 1158 1126 1231 pactum
1163 1150 1359 1222 suerit,
1389 1149 1499 1209 hoc
1524 1152 1603 1210 ita
1638 1148 1919 1221 obtinere,
1954 1167 2022 1208 ac

183 1248 232 1305 ai
259 1253 466 1306 natura
492 1244 622 1307 talis
648 1253 794 1305 esset
819 1254 1138 1307 contractus
1174 1268 1187 1304 :
1230 1247 1317 1305 ein
1354 1254 1543 1304 autem
1579 1243 1723 1304 nihil
1758 1245 1827 1306 de
1861 1246 2019 1325 peri-

182 1338 316 1401 culo
343 1340 428 1398 rei
453 1338 624 1398 fuerit
649 1346 880 1419 pactum
898 1385 913 1411 ‚
937 1344 1105 1411 tunc,
1138 1338 1187 1397 si
1214 1336 1442 1418 quidem
1459 1340 1629 1398 totius
1651 1340 1735 1398 rei
1761 1338 2017 1397 interitus

183 1434 507 1505 accesserit,
547 1430 617 1491 ad
650 1430 944 1490 dominum
981 1452 1155 1513 super
1186 1430 1295 1491 hoc
1322 1430 1638 1492 redundare
1666 1429 2015 1513 periculum3

181 1525 276 1585 sin
303 1522 686 1605 particularis,
711 1522 782 1584 ad
807 1523 1375 1605 emphyteuticalium
1397 1523 1723 1605 hujusmodi
1746 1525 2018 1586 damnum

189 1620 402 1677 venire.
436 1615 560 1686 Quo
582 1618 712 1697 jure
740 1618 966 1676 utimur.

269 2814 344 2865 4.
386 2803 528 2862 Item
557 2801 847 2881 quaeritur,
879 2800 928 2859 ai
957 2818 1088 2859 cum
1115 2797 1349 2859 aurifice
1373 2798 1553 2859 Titius
1582 2799 1937 2872 convenerit,
1970 2805 2032 2858 ut

179 2902 242 2959 ia
279 2916 351 2957 ex
383 2914 526 2955 auro
561 2912 668 2955 auo
697 2894 838 2955 certi
867 2890 1138 2973 ponderis
1169 2899 1444 2972 certaeque
1484 2890 1681 2951 formae
1722 2890 1922 2951 anulos
1980 2892 2033 2950 ci

183 2992 440 3063 faceret,
488 2998 544 3051 et
589 2988 866 3069 acciperet
905 2983 1066 3047 verbi
1107 2988 1291 3068 gratia
1324 3005 1525 3047 aureos
1566 2986 1758 3047 decem
1774 3032 1790 3059 ‚
1839 2994 2033 3046 utrum

185 3086 411 3167 emptio
447 3090 504 3143 et
543 3081 790 3143 venditio
827 3078 1086 3142 contrahi
1123 3078 1397 3149 videatur,
1444 3100 1519 3138 au
1559 3077 1761 3140 locatio
1802 3088 1859 3139 et
1892 3100 2030 3140 con-

260 3318 338 3379 (1)
369 3318 512 3371 Zeno,
545 3316 595 3363 Ι..
636 3320 680 3375 1,
705 3321 778 3371 0.,
801 3314 993 3375 Dejure
1013 3314 1339 3377 emphyteutico
1364 3312 1456 3375 (tv,
1482 3315 1581 3372 66).
