2292 3684
281 124 383 182 474
421 136 539 181 ean
557 136 700 181 msr.
728 137 781 181 e.
809 136 892 195 m,
915 126 974 193 ss
995 122 1152 180 ast-⁴
1166 124 1252 180 39.
1272 136 1455 180 ome.
1473 138 1549 180 nx
1568 136 1767 181 coms.
1793 130 2101 191 consumo,

363 252 522 303 184.
555 244 829 303 Praeterea
861 242 1176 302 litterarum
1210 240 1479 323 obligatio
1504 240 1626 301 lieri
1654 240 1877 300 videtur
1896 237 2107 301 ehiro-

279 334 511 415 graphia
555 346 608 395 et
645 336 1006 417 syngraphis,
1035 336 1095 394 id
1137 344 1246 407 est,
1279 339 1324 395 si
1355 337 1480 415 quis
1516 333 1718 394 debere
1758 352 1815 393 se
1858 340 1955 393 aut
1994 332 2106 393 da-

279 440 468 489 turum
497 446 556 488 se
581 430 815 501 scribat,
849 432 928 488 ita
957 429 1194 501 scilieet,
1222 432 1269 487 si
1296 448 1361 487 eo
1394 430 1621 487 nomine
1658 426 1944 507 stipulatio
1982 446 2106 487 non

279 522 392 583 fiat.
425 523 588 595 Quod
615 522 1183 605 genumobligationis
1210 524 1507 604 proprium
1534 522 1967 603 peregrinorum
1994 529 2101 582 est.

371 1562 530 1615 185.
570 1552 858 1612 consensu
905 1550 1048 1611 fiunt
1095 1551 1467 1634 obligationes
1520 1553 1581 1611 in
1630 1550 2014 1634 emptionibus
2056 1562 2113 1612 et

284 1646 726 1719 venditionibus,
766 1644 1140 1707 locationibus
1184 1646 1682 1720 conductionibus,
1716 1646 2108 1721 societatibus,

285 1737 587 1799 mandatis.
625 1747 782 1799 180.
814 1738 944 1797 Ideo
974 1746 1163 1798 autem
1194 1740 1314 1798 istis
1350 1738 1532 1799 modis
1568 1758 1845 1799 consensu
1872 1739 2115 1800 dicimus

285 1829 656 1912 obligationes
683 1830 967 1902 contrahi,
998 1834 1134 1912 quia
1160 1851 1344 1913 neque
1370 1830 1672 1892 verborum
1688 1879 1702 1905 ,
1729 1852 1911 1915 neque
1938 1833 2117 1916 serip-

271 1933 422 1983 *turae
450 1919 568 1983 ulla
594 1926 910 2005 proprietas
937 1923 1313 1996 desideratur,
1338 1924 1436 1985 sed
1456 1923 1666 1984 suffieit
1694 1944 1788 1984 eos
1818 1926 1915 2005 qni
1940 1945 2115 2006 nego-

283 2022 426 2078 tium
446 2026 674 2100 gerunt,
703 2019 1072 2079 consensisse.
1099 2017 1256 2078 Unde
1278 2020 1427 2078 inter
1446 2018 1699 2077 absentes
1726 2038 1953 2099 quoque
1978 2018 2119 2077 talia

285 2112 509 2191 negotia
533 2110 944 2171 contrahuntur
960 2156 975 2185 ,
1007 2112 1179 2172 veluti
1206 2130 1310 2192 per
1334 2109 1658 2190 epistolam,
1690 2120 1787 2171 aut
1811 2131 1914 2191 per
1938 2113 2119 2171 inter·-

286 2206 550 2264 nuntium
598 2226 612 2264 z
667 2224 797 2264 cum
843 2202 1094 2285 alioquin
1144 2205 1449 2264 verborum
1494 2202 1765 2285 obligatio
1814 2206 1962 2263 inter
2006 2203 2119 2264 ab-

287 2306 468 2356 sentes
495 2296 616 2355 fleri
646 2316 760 2355 non
792 2298 987 2377 possit.
1021 2297 1335 2357 ltmltem
1362 2298 1423 2354 in
1450 2294 1540 2355 his
1568 2296 1949 2355 contractibus
1976 2293 2125 2355 alter

288 2390 447 2451 alteri
472 2388 756 2471 obligatur
781 2390 852 2449 de
879 2410 946 2449 eo
976 2389 1127 2470 quod
1156 2389 1393 2449 alterum
1420 2388 1584 2450 alteri
1608 2408 1678 2449 ex
1703 2389 1857 2450 bono
1880 2398 1934 2447 et
1958 2408 2119 2469 aequo

289 2494 554 2566 proestare
593 2494 848 2565 oportet:
880 2504 1009 2544 eum
1057 2484 1311 2565 alioquin
1360 2486 1429 2542 in·
1464 2482 1772 2544 verborum
1812 2482 2119 2565 obligatio-

287 2580 458 2640 nibus
505 2578 648 2639 ulius
690 2578 1013 2660 stipuletur,
1048 2580 1191 2639 alius
1229 2580 1549 2661 promittat,
1593 2589 1649 2639 et
1686 2581 1750 2637 in
1784 2577 2119 2639 nominibus

289 2672 432 2731 alius
449 2684 766 2751 expensum
789 2671 1023 2732 ferendo
1047 2670 1287 2752 obliget,
1318 2670 1464 2730 alius
1493 2669 1796 2752 obligetur.
1825 2680 1984 2733 188.
2007 2671 2121 2731 Sed

289 2763 506 2825 absenti
549 2784 857 2845 expensum
897 2764 1033 2825 ferri
1072 2773 1281 2846 potest,
1318 2766 1421 2825 etsi
1457 2764 1640 2825 verbis
1676 2763 1945 2847 obligatio
1986 2784 2119 2825 cum

289 2859 519 2920 absente
548 2858 804 2920 contrahi
835 2879 949 2921 non
978 2865 1175 2939 possit.

376 2952 825 3039 1³9.(E'mpt10
863 2961 918 3013 et
952 2951 1202 3013 venditio
1238 2950 1629 3033 contrahitur)
1662 2972 1792 3013 cum
1827 2951 1895 3013 de
1934 2956 2122 3034 pretio

291 3048 639 3117 convenerit,
691 3046 948 3125 quamvis
997 3044 1251 3105 nondum
1298 3048 1544 3125 pretium
1598 3054 1957 3105 numeratum
2012 3047 2118 3119 sit,

292 3160 358 3200 ac
399 3160 470 3199 ne
516 3138 686 3199 arrha
731 3137 958 3218 quidem
1004 3137 1136 3199 data
1185 3137 1376 3209 suerit;
1420 3160 1557 3198 nam
1593 3138 1744 3220 quod
1786 3138 1967 3199 arrhae
2004 3160 2121 3200 no-
