2292 3684
291 84 396 139 ⁴26
434 98 552 139 cm
579 97 720 141 mer.
751 98 801 140 c.
833 98 913 152 ιιι,
944 85 1002 150 ss
1033 84 1217 139 85·87.
1260 94 1625 137 iwannum-ts
1648 94 1705 135 m
1730 94 1871 135 suan
1904 93 2119 135 cessio.

237 268 245 275 .
291 199 474 268 venit,
507 199 648 277 quia
677 198 880 257 desinit
890 202 1032 279 jure
1059 194 1215 257 civili
1238 196 1405 259 heres
1426 216 1555 258 esse.
1600 196 1681 257 De
1705 216 1773 257 eo
1800 214 1933 257 vero
1968 186 2125 277 quod

293 292 452 371 prius
477 308 580 351 suo
606 290 830 351 nomine
856 306 935 351 eoe
960 309 1216 371 personae
1244 286 1569 361 debuerim,
1600 288 1729 351 lieet
1752 308 1937 370 neque
1960 298 2129 369 pater

295 383 588 464 adoptivus
629 392 883 443 teneatur
921 404 1104 465 neque
1142 386 1605 465 coemptionum,
1633 402 1815 464 nequ
1838 386 1961 463 ipse
1988 384 2131 463 qui-

295 476 424 535 dem
451 478 549 557 qui
575 496 634 536 se
660 479 720 536 in
751 474 1112 558 adoptionem
1137 477 1321 551 dedit,
1354 476 1445 538 vd
1468 496 1591 559 quoe
1626 479 1686 535 in
1715 496 1951 537 manum
1980 497 2129 539 con-

295 570 464 642 venit,
495 581 721 631 maneat
747 568 1026 653 obligatus
1055 570 1390 653 obligatam,
1413 574 1545 652 quia
1564 569 1775 633 scilicet
1797 591 1900 651 per
1924 572 2123 651 capitis

294 664 738 725 deminutionem
768 662 1061 737 liberatur,
1094 674 1284 724 tamen
1317 666 1376 723 in
1414 684 1545 724 eum
1575 684 1767 724 eamve
1794 664 1951 727 utilis
1976 667 2123 725 actio

295 756 476 831 datur,
515 759 745 821 rescissa
784 759 982 835 capitis
1021 756 1434 828 deminutione,
1478 764 1533 815 et
1578 758 1627 815 ei
1668 754 1933 817 adversus
1972 756 2125 819 hane

295 852 574 911 actionem
615 870 729 910 non
757 848 1151 921 defendantur,
1192 866 1318 928 quoe
1342 846 1499 908 bona
1523 866 1721 907 eorum
1750 846 1943 909 futura
1978 846 2126 907 fuis-

294 948 444 1015 sent,
481 944 528 1003 si
553 962 614 1003 se
640 941 824 1003 alieno
845 942 966 1021 juri
999 958 1118 1001 non
1152 939 1551 1019 subJecissent,
1585 940 1850 1001 universa
1885 938 2131 999 vendere

293 1034 664 1097 creditoribus
692 1044 898 1117 praetor
924 1036 1216 1116 permittit.

371 1140 489 1191 86.
532 1130 700 1209 (Item
725 1130 778 1189 si
801 1132 852 1189 is
875 1127 957 1191 ad
978 1146 1149 1209 quem
1170 1126 1245 1188 ab
1270 1129 1543 1189 intestato
1562 1124 1965 1209 legitimo-jure
1981 1144 2127 1205 per·

295 1228 438 1287 tinet
461 1222 767 1294 hereditas,
805 1240 930 1283 eam
955 1220 1359 1294 hereditatem,
1398 1230 1711 1301 antequam
1748 1226 1993 1296 cer)nat‚
2024 1230 2130 1281 ant

293 1336 400 1397 pro
426 1315 630 1375 herede
657 1324 832 1397 gerat,
864 1312 962 1374 alii
990 1316 1047 1373 in
1069 1316 1200 1394 jure
1226 1313 1407 1385 cedat,
1440 1312 1607 1394 pleno
1627 1315 1757 1392 jure
1784 1313 1947 1373 heres
1962 1312 2049 1392 fit
2076 1317 2130 1373 is

292 1412 388 1470 cui
415 1428 542 1470 eam
565 1412 819 1482 cesserit,
851 1408 1093 1489 perinde
1127 1429 1198 1469 ac
1226 1411 1279 1471 si
1302 1411 1422 1489 ipse
1451 1426 1563 1488 per
1588 1407 1770 1490 legem
1798 1408 1869 1469 ad
1896 1408 2131 1469 heredi-

294 1511 463 1562 tatem
489 1512 798 1563 vocaretur.
829 1501 990 1573 Quod
1018 1503 1090 1573 si,
1117 1510 1487 1581 posteaquam
1506 1499 1671 1561 heres
1698 1503 1965 1573 extiterit,
2002 1520 2133 1563 ces·

293 1596 448 1667 serit,
472 1594 657 1655 adhuc
680 1594 843 1655 heres
863 1601 1073 1666 menet,
1093 1603 1146 1652 et
1165 1592 1239 1652 ob
1259 1592 1317 1653 id
1335 1594 1419 1671 [a]
1432 1592 1805 1655 creditoribus
1824 1596 1948 1674 ipse
1968 1600 2133 1655 tene-

294 1679 450 1748 bitur
473 1710 486 1747 :
509 1687 608 1748 sed
633 1706 724 1748 res
749 1686 1076 1769 corporales
1103 1686 1425 1767 transferet,
1446 1686 1687 1768 proinde
1706 1707 1772 1748 ac
1800 1689 1847 1747 ei
1872 1688 2131 1769 singulas

295 1786 354 1842 in
375 1785 502 1863 jure
524 1785 805 1854 cessissem
826 1780 1016 1842 debita
1031 1802 1165 1843 vero
1184 1790 1439 1863 pereunt,
1463 1802 1641 1863 eoque
1660 1782 1827 1843 modo
1844 1782 2135 1844 debitores

293 1877 617 1938 hereditarii
636 1877 858 1938 lucrum
881 1876 1112 1938 faciunt.
1143 1886 1261 1939 88.
1286 1876 1441 1938 Idem
1452 1879 1601 1957 juris
1627 1886 1711 1937 est
1728 1880 1775 1937 si
1796 1886 2135 1939 testamento

295 1974 540 2052 scriptus
565 1970 752 2044 heres,
784 1977 1152 2051 posteaquam
1182 1968 1345 2031 heres
1370 1972 1628 2044 extiterit,
1660 1972 1720 2029 in
1739 1972 1871 2051 jure
1897 1974 2135 2033 cesserit

292 2063 686 2135 hereditatem
718 2071 848 2122 ante
879 2061 1091 2121 aditam
1117 2082 1249 2122 vero
1276 2061 1642 2122 hereditatem
1668 2060 1948 2134 cedendo,
1978 2062 2133 2122 nihil

293 2157 422 2236 agit.
457 2166 578 2217 82.
611 2156 755 2217 Suus
775 2164 967 2217 autem
986 2164 1040 2215 et
1063 2157 1410 2215 necessarius
1434 2154 1597 2214 heres
1614 2174 1689 2214 an
1712 2154 1931 2237 aliquid
1953 2166 2131 2235 agant

293 2248 352 2306 in
383 2251 514 2329 jure
550 2248 796 2311 cedendo
812 2296 828 2323 ,
870 2251 1153 2331 quoeritnr.
1195 2250 1379 2310 Nostri
1422 2256 1791 2331 praeceptores
1835 2248 1981 2309 nihil
2027 2268 2131 2309 eos

295 2358 460 2420 agere
487 2342 810 2401 existimant
837 2362 854 2400 τ
879 2340 1108 2401 divereoe
1139 2339 1343 2402 scholoe
1370 2350 1624 2401 auctores
1650 2341 1801 2401 idem
1828 2360 1924 2401 eos
1956 2360 2131 2423 agere

295 2440 522 2513 putant,
560 2434 708 2517 quod
739 2438 907 2495 ceteri
944 2444 1068 2515 post
1105 2436 1315 2496 aditam
1356 2435 1752 2508 hereditatem3
1792 2435 1935 2495 nihil
1970 2439 2129 2496 enim

297 2528 552 2598 interest,
585 2538 774 2587 utrum
803 2528 1008 2609 aliquis
1035 2531 1317 2590 cernendo
1357 2540 1455 2589 aut
1494 2548 1599 2610 pro
1634 2529 1837 2591 herede
1876 2530 2129 2611 gerendo

297 2619 458 2680 heres
498 2620 614 2698 fiat,
649 2641 724 2681 an
752 2624 900 2701 juris
935 2627 1261 2683 necessitate
1286 2622 1581 2685 hereditati
1610 2623 2011 2715 adstringatur.
