2292 3684
750 135 821 175 nu
856 133 1278 176 bonnoniam.
1831 121 1926 176 941
2019 167 2028 178 .

154 247 335 297 220.
364 235 517 294 ldem
528 280 855 296 ......
902 237 987 295 ize.
1020 235 1075 296 Si
1096 243 1276 314 pater
1302 243 1434 293 tuus
1469 237 1706 294 nomine
1741 239 1946 296 matris

66 341 185 390 tute
220 331 299 390 de
337 351 441 390 sua
469 329 949 411 pecuniefimdos
976 331 1139 398 emit,
1178 328 1500 389 donationis
1539 349 1736 402 causa,
1770 333 1936 410 eique

47 424 347 504 ¹tradidit,
384 433 439 484 et
478 423 751 484 decedens
797 444 910 483 non
962 425 1266 495 revocavit,
1301 421 1392 481 ad.
1444 468 1458 480 .
1509 469 1521 482 .
1570 469 1583 482 .
1631 423 1938 484 contulisse

68 517 337 590 videtur,
368 515 631 596 intelligis
670 516 883 576 frustra
920 527 975 576 te
1015 516 1154 576 velle
1196 518 1484 595 experiri;
1519 536 1650 585 cum
1689 519 1946 577 oratione

72 611 202 670 divi
230 611 425 670 Severi
456 609 783 690 hujusmodi
813 610 1147 670 donationes
1179 618 1306 690 post
1337 609 1558 668 obitum
1577 655 1592 680 ,
1623 629 1819 669 eorum
1849 609 1948 688 qui

72 705 475 774 donaverunt,
508 701 937 763 confirmentur.
978 705 1087 763 PP.
1132 702 1314 782 pridie
1357 721 1493 760 non.
1536 703 1701 761 Mart.
1745 703 1948 762 Antio-

74 797 262 868 chiae,
298 797 479 876 Augg.
512 797 597 856 IV.
628 806 685 883 et
714 797 805 856 lll.
839 815 1030 856 conss.
1072 783 1264 873 (2905)

164 899 346 952 ππ.
382 890 551 950 Idem.
584 893 655 952 Sc·
675 898 847 970 pater
874 897 1008 950 tuus
1039 892 1107 949 in
1140 897 1193 948 ts
1231 886 1465 948 contulit
1493 886 1856 948 donationem
1887 899 1942 948 et

80 980 372 1041 decedens
396 1001 664 1062 supremo
675 981 901 1064 Judicio
940 1000 1057 1039 non
1096 979 1404 1051 revocavit,
1435 976 1644 1038 scilicet
1683 991 1948 1040 manente

82 1083 402 1157 potestate,
452 1091 657 1155 praeses
706 1077 1008 1156 provinciae
1036 1119 1051 1145 ,
1097 1075 1258 1152 juxta
1303 1072 1562 1131 divorum
1615 1075 1940 1152 ptincipum

82 1167 523 1228 constitutiones
549 1187 723 1248 super
758 1167 865 1226 hac
894 1187 955 1226 re
982 1166 1190 1236 factas,
1219 1166 1334 1224 vim
1363 1163 1724 1243 prohibebit,
1753 1164 1824 1223 de
1854 1184 1946 1224 ce-

84 1264 231 1322 teris
266 1264 418 1321 inter
452 1281 551 1321 vos
592 1261 1025 1341 disceptaturus.
1062 1260 1172 1323 PP.
1217 1258 1309 1318 lv.
1354 1257 1477 1319 kal.
1521 1257 1672 1339 Sept.
1705 1258 1952 1318 Maximo

89 1363 153 1415 et
179 1353 453 1435 Aquilino
477 1373 662 1415 conss.
696 1353 854 1434 (286.
863 1357 883 1429 )

176 1449 534 1512 ²⁸18.1dem
570 1448 801 1508 Aurelio
838 1447 1010 1508 Zoilo.
1044 1447 1190 1507 Cum
1231 1433 1497 1506 adfirmes
1531 1453 1758 1525 patrem
1787 1454 1953 1506 tuum

88 1543 433 1602 donationes
474 1541 751 1622 perfectus
786 1543 847 1600 in
886 1550 941 1599 te
977 1539 1284 1600 contulisse
1317 1547 1373 1598 et
1408 1539 1688 1618 supremis
1718 1538 1954 1617 judiciis

92 1655 197 1695 eas
220 1654 341 1693 non
371 1653 688 1707 revocasse,
722 1634 931 1742 poteris
951 1634 1083 1713 jure
1110 1633 1444 1702 constituto,
1474 1633 1788 1712 praesertim
1818 1651 1950 1690 cum

92 1728 307 1788 honori
345 1726 685 1808 primipilari
727 1728 804 1786 sis
844 1725 1174 1796 adstrictus,
1215 1744 1412 1784 securo
1455 1725 1646 1783 animo
1688 1741 1784 1794 ea,
1821 1743 1946 1803 quoe

94 1823 311 1882 donate
348 1831 500 1893 sunt,
541 1819 848 1902 possidere.
898 1820 1001 1880 PP.
1047 1819 1192 1882 vm.
1244 1817 1354 1878 kal.
1408 1819 1542 1878 Nor.
1594 1817 1843 1878 Maximo
1891 1827 1946 1876 et

92 1913 373 1996 Aquilino
401 1933 587 1974 conss.
625 1913 815 1992 (286.)

182 2017 349 2068 010.
395 2007 529 2066 Item
570 2007 837 2086 Benignae
878 2003 1206 2086 Superlatoe.
1251 2004 1316 2061 In
1359 2002 1552 2062 filiam
1580 2013 1706 2084 post
1747 2022 1950 2064 eman-

98 2099 445 2192 cipationem
476 2117 511 2155 a
546 2107 704 2177 patre
739 2093 1023 2156 conlatam
1057 2094 1468 2172 (donationem)
1502 2106 1696 2176 postea
1737 2095 1948 2155 auferri

102 2192 183 2253 ab
221 2211 287 2252 ee
321 2212 437 2252 non
476 2194 752 2272 potuisse,
787 2191 1034 2251 dubitari
1072 2210 1190 2249 non
1228 2200 1491 2270 oportet:
1525 2193 1572 2250 si
1601 2193 1774 2270 igitur
1803 2189 1950 2248 nihil

102 2283 261 2344 aliud
300 2283 401 2342 tibi
445 2284 515 2344 de
549 2287 682 2365 jure
730 2284 1086 2355 adversatur,
1125 2303 1334 2364 proeses
1374 2286 1677 2364 provincioe
1722 2303 1794 2342 ne
1834 2303 1950 2362 qun

104 2376 214 2440 tibi
242 2375 485 2456 legitime
526 2377 833 2456 possidenti
870 2375 1013 2434 flat
997 2377 1236 2454 injuria,
1271 2377 1576 2435 intercessu
1605 2376 1950 2438 auctoritatis

104 2489 243 2541 suae,
276 2469 605 2550 providebit.
647 2470 748 2528 PP.
785 2467 875 2526 lv.
912 2467 1025 2528 kal.
1066 2468 1196 2526 Dec.
1229 2469 1540 2528 Maximino
1585 2478 1640 2527 et
1685 2467 1950 2547 Aquilino

107 2583 293 2626 conss.
336 2563 519 2642 (286.)

193 2665 353 2716 280.
390 2657 547 2717 Idem
586 2655 723 2716 Aur.
764 2647 977 2717 Anniae.
1015 2658 1081 2716 ln
1118 2655 1356 2716 dubium
1397 2677 1514 2716 non
1557 2657 1710 2714 venit
1751 2654 1953 2714 adver-

110 2771 211 2813 sus
242 2771 497 2811 enormes
527 2750 893 2822 donationes,
928 2770 1053 2829 quoe
1082 2752 1162 2810 ita
1195 2755 1252 2809 in
1291 2751 1565 2832 quosdam
1605 2750 1813 2810 liberos
1849 2769 1954 2808 va-

109 2843 374 2907 cuefactis
414 2843 775 2902 facultatibus
812 2845 873 2900 in
915 2843 1162 2903 filiorum
1203 2845 1511 2924 perniciem
1548 2842 1952 2912 conseruntur,

104 2935 442 3019 jamdudum
473 2936 733 2994 divorum
772 2937 1097 3016 principum
1137 2937 1356 2995 statutis
1393 2954 1508 2995 esse
1549 2937 1861 3014 provisum.
1897 2933 1954 2994 Si

112 3033 283 3112 igitur
306 3039 486 3089 muter
523 3037 621 3087 tua
661 3031 737 3088 ita
779 3031 1186 3110 patrimonium
1215 3049 1382 3088 suum
1413 3029 1700 3110 profunda
1737 3027 1951 3087 libera-

116 3125 265 3183 litate
303 3125 367 3181 in
410 3121 645 3180 fratrem
692 3131 853 3180 tuum
900 3123 1218 3180 evIsceratis
1261 3121 1466 3201 opibus
1509 3123 1624 3180 suis
1663 3121 1951 3188 exhausit,

122 3225 183 3277 ut
209 3223 411 3294 quartae
439 3215 624 3297 par-tq
648 3211 973 3284 dimidiam,
1006 3233 1178 3293 quam
1215 3213 1286 3272 ad
1319 3213 1730 3274 excludendum
1771 3211 1956 3272 inoffi-

120 3311 251 3369 ciosi
280 3305 566 3387 querelam
608 3306 903 3366 adversum
947 3306 1254 3367 Aurelium
1289 3307 1539 3386 sufficere
1579 3313 1801 3368 constat
1813 3351 1836 3382 ,
1867 3303 1958 3364 his
