2292 3684
294 68 398 124 488
435 82 553 123 em
591 82 735 125 msr.
761 80 814 123 c.
841 79 929 139 m,
955 68 1016 133 ss
1037 66 1293 122 ⁴50-453.
1335 79 1519 121 caue.
1546 80 1625 123 ex
1639 80 1837 125 coma.
1860 81 2124 125 cenaeus.

291 194 356 246 ut
377 184 580 245 dixerit
603 183 703 244 illo
730 202 958 263 quoque
985 181 1153 243 modo
1182 183 1321 243 coiri
1348 196 1542 262 posse,
1578 191 1641 243 ut
1667 185 1795 265 quis
1822 184 1966 246 nihil
1991 204 2129 245 om-

291 280 430 339 nino
476 276 670 337 damni
711 284 958 357 proestet,
999 274 1095 335 aed
1137 273 1283 337 lucri
1336 282 1556 355 partem
1610 277 1823 357 capiat,
1864 278 1914 337 si
1952 278 2131 337 modo

293 389 468 450 opera
495 370 616 450 ejus
653 376 767 428 tam
804 369 1050 447 pretiose
1077 367 1361 447 videatur,
1397 375 1461 427 ut
1488 388 1713 450 aequum
1740 371 1812 431 sit
1838 389 1967 433 eum
1995 391 2133 432 cum

292 463 400 523 hac
426 463 686 542 pactione
711 461 774 521 in
801 462 1121 520 societatem
1151 439 1386 521 admitti.
1420 461 1565 521 Nam
1592 469 1647 521 et
1672 463 1750 526 ita
1787 482 1953 543 posse
1986 466 2135 523 coiri

295 558 612 617 societatem
644 563 890 628 constet,
921 562 984 615 ut
1011 574 1160 613 unua
1188 556 1491 633 pecuniam
1523 554 1809 629 conferat,
1839 556 1980 615 alter
2008 577 2133 617 non

296 649 573 723 conferet,
607 656 662 707 et
696 657 886 709 tamen
923 645 1149 707 lucrum
1184 649 1333 707 inter
1373 667 1469 707 eos
1504 667 1807 709 commune
1842 652 1948 723 sit;
1982 670 2131 731 eaepe

297 743 450 803 enim
475 761 651 823 opera
679 738 916 819 alicujus
945 759 1049 819 pro
1076 740 1319 823 pecunia
1344 740 1507 801 valet.

376 1492 537 1544 151».
569 1480 639 1542 Et
665 1478 805 1540 illud
838 1487 1055 1541 eertum
1085 1486 1194 1555 est,
1223 1482 1272 1545 si
1298 1480 1367 1543 de
1396 1480 1656 1564 partibus
1680 1480 1826 1543 lucri
1854 1490 1909 1542 et
1932 1480 2133 1543 damni

289 1574 435 1635 nihil
461 1578 610 1635 inter
637 1592 732 1635 eos
759 1577 1118 1648 convenerit,
1156 1585 1347 1636 tamen
1376 1578 1549 1657 oequis
1578 1597 1649 1637 ex
1674 1574 1937 1659 partibus
1966 1597 2133 1638 com-

290 1667 524 1731 modum
549 1677 615 1728 ut
639 1667 1064 1731 incommodum
1090 1670 1241 1729 inter
1266 1688 1363 1730 eos
1388 1689 1689 1731 commune
1714 1688 1853 1732 esne.

371 1761 479 1821 Sed
509 1764 557 1820 si
584 1764 644 1821 iu
671 1760 850 1821 altero
875 1770 1064 1841 partes
1101 1780 1376 1841 expreaeae
1402 1761 1640 1835 fuerint,
1666 1761 1821 1827 velut
1846 1763 1909 1823 in
1932 1761 2097 1825 lucro
2112 1806 2129 1835 ,

267 1858 350 1915 in
379 1854 556 1915 altero
582 1874 716 1915 vero
743 1856 992 1928 omissae,
1015 1856 1076 1915 in
1105 1873 1174 1916 eo
1197 1874 1422 1937 quoque
1444 1854 1599 1935 quod
1621 1857 2033 1929 omissum-eet,
2058 1858 2137 1915 si·

292 1947 454 2007 miles
480 1956 670 2029 partes
703 1955 883 2007 erunt.

375 2052 540 2103 151.
571 2043 760 2101 Manet
802 2049 993 2119 autem
1033 2040 1275 2103 'societas
1319 2062 1567 2123 eousque
1608 2041 1789 2103 donec
1828 2043 1891 2101 in
1930 2041 2135 2106 eodem

291 2155 460 2196 sensu
496 2144 872 2216 perseverant.
907 2134 980 2195 At
1005 2155 1137 2197 cum
1164 2135 1371 2217 aliquit
1407 2136 1813 2197 renuntiaverit
1841 2137 2133 2209 societati,

293 2230 526 2292 societas
565 2227 818 2289 solvitur.
847 2228 956 2289 Sed
996 2226 1185 2309 plane,
1230 2230 1277 2288 ei
1316 2230 1448 2309 quia
1482 2229 1541 2287 in
1572 2227 1681 2289 hoc
1722 2229 2136 2289 renuntiaverit

289 2323 556 2394 societati,
593 2331 656 2379 ut
684 2319 991 2381 obveniens
1019 2318 1251 2400 aliquod
1276 2320 1497 2379 lucrum
1524 2319 1680 2381 aolus
1706 2318 1937 2393 habeat,
1960 2318 2133 2379 veluti

289 2417 338 2473 ai
359 2414 498 2474 mihi
522 2422 770 2474 totorum
795 2411 1082 2473 honorum
1099 2414 1311 2483 socius,
1338 2432 1471 2472 cum
1488 2411 1565 2473 ab
1586 2412 1778 2493 aliquo
1799 2412 1968 2475 heres
1986 2420 2133 2473 esset

289 2506 533 2579 relictus,
559 2509 618 2567 in
641 2506 748 2567 hoc
767 2507 1177 2567 renuntiaverit
1192 2508 1463 2579 societati,
1488 2515 1550 2565 ut
1575 2504 1951 2567 hereditatem
1976 2505 2132 2567 solus

289 2599 634 2668 lucrifaciet,
659 2606 890 2679 cogetur
915 2596 1024 2657 hoc
1049 2596 1273 2657 lucrum
1297 2600 1743 2671 communicare;
1766 2598 1977 2678 siquid
1996 2618 2129 2659 vero

291 2692 446 2753 aliud
474 2691 847 2763 lucrifecerit,
880 2690 1031 2773 quod
1069 2711 1185 2750 non
1222 2692 1553 2771 captaverit,
1596 2690 1669 2751 ad
1712 2695 1905 2773 ipsum
1942 2690 2129 2751 solum

290 2788 533 2867 pertinet
567 2807 580 2845 ε
629 2782 770 2843 mihi
806 2803 938 2844 vero
981 2782 1257 2864 quidquid
1299 2785 1532 2842 omnino
1574 2792 1704 2865 post
1741 2784 2129 2845 renuntiatam

291 2880 612 2939 societatem
641 2876 985 2957 adquiritur,
1017 2876 1123 2937 soli
1150 2876 1492 2939 conceditur.

374 3076 536 3127 152.
569 3064 810 3125 Solvitur
848 3064 1032 3125 adhuc
1074 3068 1311 3127 societas
1354 3068 1527 3127 etiam
1566 3072 1749 3131 morte
1788 3066 1957 3141 aocii,
1988 3066 2123 3147 quia

289 3159 390 3237 qui
434 3160 756 3217 societatem
803 3157 1115 3230 contrahit,
1160 3160 1373 3220 certam
1418 3178 1727 3243 personam
1778 3158 1889 3219 sihi
1937 3158 2117 3240 eligit.

297 3262 454 3311 158.
487 3252 701 3311 Dicitur
727 3260 780 3309 et
808 3254 1006 3330 capitis
1031 3252 1406 3313 diminutione
1432 3252 1569 3326 solvi
1596 3254 1951 3326 societatem,
1983 3254 2117 3333 quia
