2292 3684
334 174 485 215 ποετ.
515 175 661 217 msr.
702 176 751 215 ι..
782 174 842 227 n,
883 174 937 215 τ.
970 176 1011 214 ι.
1052 174 1123 214 aa
1149 174 1430 218 mvrsuomz
1459 176 1668 219 aenum.
1817 164 1908 223 m

168 286 283 336 17.
317 276 460 337 ltem
500 298 567 338 ea
610 298 733 359 quoe
768 298 835 337 ex
876 274 1133 335 hostibus
1177 280 1460 359 capimus,
1498 282 1630 359 jure
1667 284 1918 362 gentium

71 373 272 429 statim
303 381 501 432 nostra
534 372 725 432 fiunt·
756 365 897 432 adeo
924 371 1150 455 quidem
1180 380 1240 431 ut
1281 382 1333 433 et
1368 372 1534 434 liberi
1572 376 1874 436 homines
1858 398 1918 436 m
1939 372 2228 530 βηΐξιιια

70 465 415 525 servitutem
443 475 697 525 nostram
728 465 1110 536 deducantur;
1150 466 1246 547 qui
1290 476 1506 541 tamen,
1547 470 1595 529 si
1641 471 1921 529 evaserint

68 568 345 619 nostram
375 569 733 640 potestatem,
762 570 816 621 et
842 560 913 621 ad
942 580 1074 621 suos
1103 562 1310 621 reversi
1346 561 1582 637 fuerint,
1614 566 1918 646 pristinum

66 662 295 713 statum
324 656 620 735 recipiunt.

167 823 283 874 18.
326 814 466 872 Item
505 812 717 894 lapilli,
756 822 811 874 et
850 833 1113 894 gemmoe,
1163 820 1220 873 et
1261 822 1444 875 cetera
1481 836 1604 896 quoe
1647 817 1707 877 in
1754 816 1916 879 litore

68 909 487 981 inveniuntur,
512 910 645 989 jure
672 908 915 969 naturali
944 912 1131 969 statim
1160 897 1466 970 invehtoris
1495 911 1655 972 fiunt.

164 1010 282 1062 1⁹.
315 1000 455 1061 Item
484 1020 549 1061 ea
579 1022 702 1083 quae
736 1022 802 1062 ex
837 999 1182 1063 animalibus
1224 1000 1472 1063 dominio
1513 1012 1610 1065 tuo
1652 1003 1916 1085 subjectis

62 1104 217 1155 nata
246 1103 413 1169 sunt,
441 1094 636 1157 eodem
658 1095 789 1177 jure
814 1096 915 1155 tibi
944 1094 1342 1177 adquiruntur.

148 1324 279 1375 ²⁰.
332 1314 606 1376 Praeterea
644 1314 793 1397 quod
841 1322 945 1397 per
989 1314 1330 1376 alluvionem
1372 1320 1510 1399 agro
1555 1324 1652 1377 tuo
1699 1317 1912 1378 flumen

58 1408 317 1490 adJ'ecit,
364 1411 496 1491 jure
539 1412 792 1491 gentium
830 1409 931 1469 tihi
964 1408 1299 1491 adquiritur.
1340 1410 1440 1471 Est
1477 1421 1664 1471 autem
1706 1410 1914 1471 alluvio

59 1504 497 1562 incrementum
547 1502 755 1575 latens;
807 1524 908 1584 per
952 1503 1298 1565 alluvionem
1349 1512 1538 1564 autem
1585 1503 1642 1564 id
1699 1505 1916 1565 videtur

58 1595 281 1675 adjici,
332 1594 485 1675 quod
529 1597 606 1655 ita
661 1595 932 1677 paulatim
979 1596 1272 1677 adjicitur,
1321 1604 1380 1657 ut
1431 1596 1746 1677 intelligere
1797 1616 1912 1657 non

60 1688 259 1767 possis
290 1696 569 1769 quantum
598 1707 827 1769 quoquo
857 1698 1143 1749 momento
1173 1691 1443 1769 temporis
1471 1690 1786 1769 adjiciatur.

153 1792 281 1841 21.
313 1779 477 1853 Quod
503 1784 549 1841 si
578 1783 659 1839 vis
686 1780 936 1841 fluminis
962 1792 1181 1863 partem
1213 1781 1462 1863 aliquam
1493 1803 1560 1842 ex
1590 1792 1684 1842 tuo
1706 1780 1916 1863 praedio
1965 1818 1974 1826 ·

64 1875 411 1947 detraxerit,
438 1882 493 1933 et
520 1876 688 1935 vieini
717 1874 925 1956 praedio
956 1874 1234 1952 attulerit,
1269 1875 1460 1956 palam
1493 1885 1573 1935 est
1603 1896 1728 1935 eam
1761 1885 1915 1935 tuam

66 1988 442 2048 permanere.
490 1968 667 2029 Plane
708 1970 756 2028 si
796 1968 1051 2051 longiore
1099 1979 1354 2049 tempore
1397 1969 1576 2029 fundo
1621 1970 1787 2029 vicini
1833 1971 1915 2027 tui

58 2062 299 2123 haeserit
316 2109 331 2135 ,
365 2064 740 2143 arboresque,
765 2083 906 2144 quas
934 2082 1123 2124 seeum
1146 2064 1403 2137 traxerit,
1429 2063 1487 2121 in
1511 2083 1638 2122 eum
1665 2063 1908 2122 fundum

57 2158 291 2218 radices
320 2160 565 2239 egerint,
591 2178 657 2217 ex
679 2176 745 2218 eo
764 2166 1019 2238 tempore
1039 2156 1302 2217 videntur
1322 2158 1486 2215 vicini
1519 2156 1695 2216 fundo
1717 2157 1916 2239 adqui·

56 2255 181 2313 sitm
214 2271 361 2313 esse.

140 2358 267 2407 ΞΩ.
304 2344 502 2407 Insula
529 2365 650 2428 quoe
686 2347 747 2404 in
787 2346 931 2405 mari
976 2354 1109 2405 nata
1152 2352 1260 2418 est,
1305 2344 1456 2427 quod
1497 2366 1628 2405 raro
1675 2344 1908 2419 accidit,

56 2442 409 2522 occupantis
438 2440 527 2512 523
562 2440 773 2501 nullius
792 2442 944 2499 enim
969 2460 1089 2499 esse
1120 2438 1382 2499 creditur.
1415 2440 1474 2499 ln
1495 2440 1732 2499 flumine
1751 2452 1906 2513 nata,

56 2536 221 2617 quod
250 2534 581 2614 frequenter
595 2533 818 2605 accidit,
840 2532 1135 2614 siquidem
1157 2532 1400 2591 mediam
1418 2542 1638 2613 partem
1659 2533 1908 2593 fluminis

59 2638 251 2701 tenet,
284 2629 607 2688 eommunis
635 2635 716 2687 est
743 2645 941 2687 eorum
970 2627 1070 2707 qui
1102 2624 1175 2684 ab
1209 2634 1446 2704 utraque
1473 2638 1636 2705 parte
1657 2625 1910 2685 fluminis

60 2742 251 2805 prope
278 2724 471 2803 ripam
510 2722 719 2802 praedia
748 2720 1065 2803 possident,
1108 2740 1212 2801 pro
1251 2718 1420 2779 modo
1459 2718 1770 2779 latitudinis
1807 2742 1912 2779 eu-

53 2822 274 2900 jusque
329 2816 528 2889 fundi,
582 2836 713 2925 quae·
757 2814 991 2875 latitudo
1036 2834 1216 2895 prope
1267 2814 1451 2895 ripam
1496 2812 1806 2895 si13quud
1865 2814 1914 2873 si

64 2910 230 2971 alteri
274 2912 425 2992 parti
472 2910 783 2994 proximior
818 2909 915 2979 sit,
957 2928 1155 2967 eorum
1191 2917 1273 2967 est
1313 2916 1530 2966 tantum
1577 2908 1675 2986 qui
1717 2904 1790 2964 ab
1843 2926 1910 2965 ea

64 3018 227 3087 parte
262 3026 445 3087 prope
472 3007 658 3085 ripam
687 3003 897 3085 praedia
932 3002 1239 3084 possident.
1275 3000 1436 3073 Quod
1463 3003 1510 3061 si
1537 3000 1728 3081 aliqua
1748 3010 1908 3081 parte

64 3102 311 3160 divisum
342 3101 415 3159 sit
446 3098 687 3170 flumen,
718 3098 921 3158 deinde
950 3096 1105 3156 infra
1133 3098 1384 3169 unitum,
1425 3114 1626 3175 agrum
1665 3092 1906 3175 alicujus

66 3197 121 3253 in
172 3196 423 3254 sormam
469 3192 667 3253 insuloe
700 3192 1007 3273 redegerit,
1046 3192 1298 3270 ejusdem
1343 3198 1637 3271 permanet
1679 3188 1730 3245 is
1770 3207 1908 3268 ager

68 3289 227 3367 cujus
258 3296 314 3348 et
346 3286 547 3347 fuerat.
