2292 3684
377 112 442 168 40
525 125 640 166 em
673 125 815 168 msr.
855 125 905 167 c.
939 125 986 180 1,
1023 114 1084 178 §S
1115 109 1307 168 u-u.
1348 125 1420 166 nn
1448 124 1589 168 Lm:
1614 125 1783 167 nunu.
1812 125 2057 168 emma.

371 241 490 292 41.
523 230 593 288 Et
619 231 876 310 quamvis
903 229 1167 288 Latinum
1204 228 1389 290 facere
1414 228 1547 290 velit
1573 232 1764 290 minor
1790 231 1885 290 XX
1914 251 2215 292 annorum

373 321 634 383 dominus
654 367 670 394 ‚
701 332 889 383 tamen
925 321 1296 383 nihilominus
1332 323 1499 383 debet
1536 323 1691 405 apud
1726 323 2025 384 consilium
2062 345 2217 385 can-

373 436 497 476 sam
524 417 799 498 probare,
827 425 883 476 et
908 418 986 476 ita
1012 425 1209 498 postea
1236 419 1386 478 inter
1410 419 1621 478 amicos
1649 421 2065 479 manumittere.

457 1645 572 1696 49.
611 1633 885 1694 Proeterea
921 1632 1046 1714 lege
1080 1633 1253 1692 Furia
1282 1631 1524 1694 Caninia
1557 1643 1742 1694 certus
1768 1632 1970 1694 modus
1996 1636 2219 1694 eonsti-

379 1736 533 1788 tutua
559 1736 642 1788 est
665 1730 726 1786 in
755 1729 930 1787 servis
959 1735 1291 1787 testamento
1318 1728 1800 1789 manumittendis.
1831 1738 1951 1789 48.
1984 1727 2133 1786 Nam
2164 1730 2219 1788 ei

380 1824 477 1903 qui
510 1821 704 1903 plures
731 1841 905 1902 quam
935 1819 1100 1894 dune,
1137 1839 1321 1901 neque
1354 1819 1548 1901 plures
1574 1840 1751 1902 quam
1786 1819 1977 1880 decem
2021 1839 2218 1880 servos

377 1913 641 1988 habebit,
685 1934 862 1995 usque
899 1913 972 1980 ad
1009 1922 1229 1994 partem
1264 1913 1559 1974 dimidiam
1586 1915 1711 1994 ejus
1738 1915 1965 1974 numeri
2000 1933 2219 1974 manu-

377 2011 596 2068 mittere
635 2008 1006 2090 permittitur3
1051 2008 1103 2066 ei
1147 2027 1278 2066 vero
1318 2008 1419 2087 qui
1460 2005 1653 2089 plures
1692 2027 1863 2088 quam
1907 2007 1984 2080 X,
2026 2025 2218 2088 neque

379 2102 572 2185 plures
601 2122 772 2182 quam
800 2101 945 2159 XXX
972 2120 1161 2159 servos
1188 2099 1447 2172 habebit,
1489 2121 1666 2182 usque
1704 2102 1775 2162 ad
1813 2105 2035 2161 tertiam
2073 2120 2218 2182 par-

380 2208 494 2259 tem
521 2199 643 2276 ejus
672 2198 896 2258 numeri
923 2198 1325 2274 manumittere
1350 2199 1718 2278 permittunt-3
1745 2206 1802 2256 at
1823 2199 1873 2257 ei
1899 2199 1994 2278 qui
2021 2195 2217 2277 plures
2275 2219 2276 2226 ¹

382 2312 556 2372 quam
581 2292 742 2364 XXX,
769 2310 953 2371 neque
980 2289 1174 2371 plures
1203 2312 1375 2371 quam
1404 2300 1631 2352 centum
1658 2291 1911 2364 habebit,
1936 2311 2115 2372 usque
2143 2290 2217 2350 ad

379 2393 600 2466 partem
629 2392 890 2466 quartam
918 2375 1367 2446 mimmittendi
1397 2383 1628 2447 licentia
1659 2383 1859 2456 datur3
1913 2385 2217 2444 novissime

382 2480 434 2538 ei
471 2480 568 2559 qui
604 2478 797 2559 plures
825 2497 1000 2558 quam
1027 2477 1067 2536 C
1097 2476 1358 2550 habebit,
1388 2499 1492 2537 nec
1529 2475 1722 2558 plul‘es
1760 2498 1934 2560 quam
1971 2479 2047 2552 D,
2082 2497 2217 2538 am-

371 2569 536 2653 plius
579 2591 696 2632 non
739 2571 1084 2654 permittitur
1125 2591 1297 2651 quam
1339 2580 1403 2631 ut
1439 2572 1696 2652 quintam
1738 2580 1989 2652 partem,
2030 2589 2219 2651 neque
2274 2581 2276 2596 ¹

359 2663 588 2745 plures.
653 2707 1374 2724 ............
1404 2662 1512 2722 Sed
1539 2661 1851 2743 praescrihit
1878 2661 1993 2738 lex,
2027 2683 2099 2723 ne
2126 2664 2221 2723 cui

381 2757 575 2838 plures
610 2755 1009 2816 manumittere
1044 2754 1212 2814 liceat
1251 2775 1423 2837 quam
1458 2755 1517 2816 C.
1550 2757 1743 2838 [qitur
1782 2759 1830 2816 si
1868 2757 1996 2838 quis
2035 2777 2221 2816 unum

383 2869 608 2910 servum
641 2852 874 2910 omnino
904 2859 1000 2909 aut
1027 2849 1169 2909 duos
1197 2846 1400 2925 hahet,
1440 2847 1509 2910 de
1536 2867 1597 2910 eo
1624 2849 1732 2912 hac
1758 2845 1879 2932 leqe
1904 2847 2057 2910 nihil
2080 2869 2221 2911 cau-

385 2951 508 3004 tum
544 2951 654 3020 est,
697 2951 752 3002 et
778 2941 906 3002 ideo
931 2940 1174 3001 liberam
1202 2940 1373 3001 habet
1401 2949 1733 3023 potestatem
1762 2943 2219 3004 manumittendi.

385 3048 503 3098 44.
532 3037 612 3097 Ac
640 3057 744 3098 nec
771 3035 844 3096 ad
873 3055 968 3096 eos
997 3036 1227 3119 quidem
1260 3037 1497 3096 omnino
1534 3036 1653 3097 haec
1690 3035 1782 3097 lex
1818 3039 2089 3119 pertinet,
2122 3039 2225 3118 qui

386 3130 508 3188 aine
534 3137 870 3190 testamento
896 3131 1334 3190 manumittunt:
1362 3131 1552 3210 itaque
1575 3130 1708 3191 licet
1734 3133 1801 3190 iis
1830 3131 1926 3212 qui
1955 3129 2220 3204 vindicta,
2275 3195 2276 3206 2

385 3227 483 3277 aut
510 3237 708 3292 censu,
739 3227 838 3278 aut
863 3221 1009 3278 inter
1037 3222 1247 3280 amicos
1274 3221 1707 3294 manumittunt,
1736 3229 1913 3288 totam
1942 3218 2226 3279 familiam

388 3331 550 3372 suam
579 3311 856 3388 liberare,
889 3313 1096 3375 scilicet
1135 3314 1185 3374 si
1220 3311 1332 3375 alia
1373 3334 1545 3398 causa
1580 3335 1697 3376 non
1732 3313 2005 3398 impediat
2042 3311 2229 3374 liber-
