2292 3684
289 114 305 133 ‚
374 62 443 115 3ο
515 72 632 115 ean
658 74 800 116 ius-r.
825 75 876 116 c.
903 75 946 131 1,
967 58 1030 133 §5
1053 60 1206 118 ⁴74⁴
1224 102 1237 117 .
1263 75 1338 117 nn
1356 74 1576 120 nais-uu.
1597 76 1873 121 πει-σωθῶ
1892 79 2124 123 paona-r.

370 176 692 236 numissum
734 176 905 238 modo
940 178 1120 238 civem
1161 179 1517 253 Romanum,
1559 178 1729 241 modo
1774 182 2040 243 Latinum
2084 182 2225 247 fieri

372 268 642 332 dicemus,
678 280 792 333 Η.
824 272 969 331 Nam
995 274 1057 331 in
1084 273 1246 353 cujus
1273 292 1517 353 persona
1544 275 1655 333 tria
1678 273 1799 335 hoec
1832 288 2225 351 concurrunt,

373 373 436 424 ut
463 364 650 444 major
675 366 746 425 sit
786 384 1069 426 annorum
1111 367 1372 447 triginta,
1406 375 1464 427 et
1500 386 1569 427 ex
1605 368 1736 447 jure
1764 366 2069 439 Quiritium
2102 370 2225 431 do-

371 460 545 531 mini,
577 466 630 519 et
648 461 804 539 justa
830 478 898 519 ac
933 458 1185 540 legitima
1217 460 1667 521 manumissione
1690 459 1984 534 liberetur,
2014 461 2077 523 id
2102 472 2224 538 est,

371 550 618 614 vindicta
651 560 750 612 aut
773 571 948 613 censu
986 562 1083 613 aut
1113 560 1482 625 testamento,
1520 554 1570 614 is
1612 555 1751 616 civis
1788 555 2081 619 Romanus
2114 556 2217 633 fit3

373 646 464 705 sin
490 665 624 706 vero
645 644 860 727 aliquid
886 665 1086 707 eorum
1115 643 1321 719 deerit,
1350 646 1583 707 Latinus
1610 646 1735 707 erit.

631 773 724 836 VI.
762 774 844 836 De
871 792 1256 836 mnmsslorm
1282 793 1385 835 vm.
1416 792 1583 836 causat
1608 793 1948 839 raoni-tomi.

454 890 564 942 18.
615 878 778 957 Quod
816 888 1006 941 autem
1043 880 1113 941 de
1149 888 1307 941 oetate
1347 881 1494 941 servi
1529 882 1856 963 requiritur,
1898 883 2023 965 lege
2062 884 2225 947 AElia

372 975 565 1036 Sentia
590 972 974 1035 introductum
1009 982 1117 1047 θείς
1151 994 1287 1033 nam
1323 993 1391 1033 ea
1430 973 1521 1034 lex
1562 976 1811 1037 minores
1844 976 1991 1037 XXX
2021 998 2225 1039 anno-

372 1088 506 1129 rum
543 1086 736 1129 servos
772 1088 890 1129 non
913 1068 1092 1129 -aliter
1124 1067 1301 1129 voluit
1333 1069 1714 1129 manumissos
1751 1070 1897 1131 cives
1923 1072 2225 1135 Romanos

373 1160 518 1235 fieri,
551 1181 726 1242 quam
751 1164 800 1223 si
826 1160 1093 1241 vindicta,
1123 1160 1279 1243 apud
1306 1160 1605 1222 consilium
1624 1164 1783 1243 justa
1806 1182 1977 1227 causa
1998 1185 2223 1228 manu-

375 1256 661 1317 missionis
689 1254 1030 1338 adprobata,
1059 1254 1288 1317 liberati
1312 1254 1541 1317 fuerint.

459 1358 575 1411 19.
616 1348 776 1409 Justa
821 1358 1013 1411 autem
1055 1369 1228 1412 causa
1272 1349 1735 1411 manumissionis
1777 1357 1894 1427 est,
1944 1350 2120 1414 veluti
2170 1346 2224 1416 si

375 1443 502 1525 quis
541 1442 723 1503 fllium
757 1442 1032 1519 filiamve,
1072 1451 1173 1508 aut
1212 1443 1451 1505 fratrem
1493 1463 1814 1505 sororumve
1857 1446 2187 1509 naturalem
2202 1498 2219 1525 ,

375 1544 474 1596 aut
508 1534 834 1610 alumnum,
866 1544 964 1597 aut
1003 1535 1405 1619 pedagogum,
1435 1543 1535 1596 aut
1566 1525 1809 1598 servum
1826 1530 2224 1619 prount-atonis¹

371 1626 623 1691 habendi
649 1631 852 1723 gratia,
883 1638 984 1693 aut
1008 1630 1277 1695 ancillam
1302 1630 1653 1693 matrimonii
1680 1652 1873 1711 causa,
1898 1634 2049 1717 apud
2072 1656 2221 1700 con·

372 1723 565 1788 silium
587 1728 970 1789 manumittat.

903 1856 1020 1919 vn.
1057 1856 1142 1929 Dr
1166 1872 1660 1920 annuntiaremus.

452 1972 569 2026 no,
613 1962 927 2023 Consilium
969 1969 1163 2023 autem
1195 1958 1521 2035 adhibetur,
1559 1962 1625 2021 in
1666 1960 1811 2022 urbe
1854 1961 2037 2024 Roma
2082 1969 2221 2047 qui..

261 2094 268 2101 ·
370 2059 521 2135 dem,
551 2062 802 2143 quinque
828 2064 1157 2121 senatorum
1180 2065 1239 2118 et
1260 2059 1513 2140 quinque
1538 2060 1793 2140 equitum
1819 2058 2224 2125 Romanorum

369 2152 684 2237 puberum;
715 2156 773 2214 in
801 2151 1110 2235 provinciis
1136 2158 1357 2219 autem,
1397 2151 1595 2232 viginti
1624 2159 2091 2233 recuperatorum
2126 2159 2219 2218 oi-

367 2251 527 2309 vium
570 2248 988 2321 Romanorum,
1027 2243 1203 2325 idque
1240 2242 1307 2305 fit
1344 2241 1546 2305 ultimo
1584 2243 1679 2305 die
1708 2256 2017 2309 conventus
2051 2271 2066 2310 ε
2112 2250 2215 2310 sed

367 2344 563 2403 Romoe
588 2346 756 2404 certis
781 2340 979 2402 diebus
1016 2337 1173 2421 apud
1207 2336 1510 2398 consilium
1545 2341 2048 2406 manumittuntur.
2079 2342 2214 2403 Ma-

363 2437 522 2517 jores
543 2456 682 2497 vero
719 2437 954 2518 triginta
989 2450 1277 2494 annorum
1311 2433 1459 2492 servi
1496 2451 1723 2513 semper
1754 2436 2079 2497 manumitti
2116 2456 2215 2497 so·

366 2531 509 2606 lent,
544 2530 686 2592 adeo
725 2538 789 2591 ut
811 2528 902 2591 vel
939 2530 998 2588 in
1033 2528 1276 2605 transitu
1316 2528 1814 2602 manumittantur,
1859 2529 2029 2591 veluti
2072 2552 2209 2593 oum

363 2632 577 2707 praetor
619 2632 718 2685 aut
759 2620 1069 2706 proconsul
1110 2622 1173 2681 in
1212 2618 1489 2680 balneum
1534 2618 1624 2682 vel
1664 2622 1727 2681 in
1766 2620 2055 2685 theatrum
2096 2633 2206 2686 eat.

366 2728 485 2780 nl.
523 2718 801 2779 Praeterea
832 2718 1026 2777 minor
1056 2716 1291 2795 triginta
1324 2732 1611 2775 annorum
1647 2733 1847 2775 servus
1886 2718 2209 2778 manumis-

365 2812 526 2873 sione
551 2819 739 2895 potest
762 2812 898 2873 civis
921 2810 1213 2872 Romanus
1240 2808 1395 2882 fieri,
1426 2810 1477 2869 si
1502 2808 1579 2869 ab
1606 2828 1675 2870 eo
1701 2810 1933 2872 domino
1960 2814 2060 2893 qui
2087 2812 2211 2873 sol-

363 2904 550 2967 vendo
573 2925 692 2965 non
720 2912 867 2981 erat,
898 2908 1233 2966 testamento
1255 2898 1405 2961 liber
1436 2908 1495 2962 et
1535 2901 1701 2963 heres
1726 2903 1955 2967 relictus
1986 2907 2077 2968 sit.
2123 2954 2141 2969 .
2189 2953 2204 2968 .

370 3040 1885 3062 .........................
1886 3052 1888 3055 ⁴
1929 3044 1948 3062 .
1976 3004 2205 3081 spurios

366 3233 634 3253 .....
684 3190 1737 3268 οτεᾶίῐοτ..........εος.

365 3324 694 3346 ......
736 3282 1026 3346 debitoris.
1073 3328 1088 3344 .
1136 3328 1152 3344 .
1200 3270 1214 3343 ἶ
1263 3328 1278 3344 .
1326 3326 1343 3343 .
1392 3325 1536 3345 ..-.
1584 3280 1804 3364 .legis.
1858 3328 1937 3347 ..
1986 3328 2062 3348 ..
2113 3327 2133 3347 .
2188 3328 2205 3344 .
