2292 3684
465 129 676 177 marso.
713 113 924 174 meu.
965 131 1043 173 nx
1078 129 1443 174 coturnum.
1481 129 1645 175 rant..
1880 119 1986 176 8⁴5

133 239 236 321 qni
276 235 419 298 alias
462 253 730 297 accusare
777 253 894 294 non
937 233 1135 315 pessit,
1188 239 1252 293 ut
1288 230 1590 294 libertinus
1608 279 1623 306 ,
1661 242 1761 294 aut
1796 237 1989 298 minor

131 332 338 414 viginti
369 329 624 412 quinque
661 345 970 399 annorum,
1002 332 1099 386 aut
1135 325 1396 400 infamis,
1428 333 1619 386 tamen
1649 326 1723 387 ad
1748 347 1985 390 aecusa-

133 429 354 488 tionem
381 424 724 497 admittitur,
753 429 818 482 nt
845 430 900 483 et
925 421 1278 502 Papinianus
1307 419 1460 482 libro
1486 421 1583 482 XV
1610 423 1853 504 scripsit.

208 573 460 665 munus
492 605 690 664 Lumo
728 603 1079 662 smeumm
1112 604 1195 660 m
1228 603 1465 662 Tmo
1498 605 1634 675 Quo
1670 606 1894 664 sums.

215 751 285 810 In
339 767 576 811 uxorem
635 745 978 808 adulterium
1025 744 1347 807 vindicatur
1394 747 1527 827 jure
1582 749 1813 820 mariti,
1864 768 1981 809 non

131 845 310 905 etiam
359 844 484 918 (in)
535 859 830 923 sponsam.
879 839 1118 902 Severus
1165 858 1395 922 quoque
1440 847 1495 900 et
1538 839 1859 902 Antoninus
1904 843 1985 902 ita

131 937 570 1019 rescripserunt.

667 1108 764 1179 (nx
793 1121 1005 1162 conen.
1034 1121 1133 1162 τιτ.
1163 1121 1275 1176 vm,
1304 1120 1354 1161 c.
1383 1105 1470 1178 u.)

168 1247 424 1306 PAULUS
449 1245 650 1304 LIBRO
673 1245 1028 1304 SINGULARI
1055 1245 1149 1301 DE
1172 1243 1403 1301 9013le
1432 1243 1701 1300 omnm
1718 1241 1947 1300 LEGmt

243 1341 364 1399 SUB
396 1340 631 1398 TITULO
667 1340 762 1397 AD
797 1337 1024 1396 mam
1060 1338 1305 1395 sumen
1338 1337 1429 1394 DE
1466 1336 1871 1394 ADULTERssS.

216 1483 330 1554 Qui
369 1479 578 1542 falsum
617 1481 1005 1542 testimonium
1039 1479 1268 1552 dixerit,
1299 1478 1539 1561 proinde
1580 1478 1887 1555 tenebitur,
1920 1499 1987 1541 ae

133 1579 184 1638 si
210 1577 341 1660 lege
367 1575 630 1638 Cornelia
655 1576 1080 1637 testamentaria
1105 1573 1409 1636 damnatus
1436 1581 1599 1635 esset.

677 1738 772 1809 (rx
799 1753 1006 1793 cosan.
1037 1753 1136 1792 τιτ.
1168 1755 1241 1807 11,
1272 1751 1318 1793 c.
1350 1737 1448 1810 v1.)

209 1853 461 1912 PAULUS
494 1853 693 1910 LIBRO
731 1853 1082 1910 SINGULARI
1119 1853 1209 1910 DE
1244 1853 1473 1910 1>OEle
1508 1852 1922 1912 PAGANORUM

658 1946 773 2004 SUB
806 1947 1044 2006 TITULO
1079 1949 1170 2005 DE
1205 1948 1478 2006 ABIGEIS.

224 2102 292 2153 Ι.
324 2091 472 2152 Cum
507 2089 706 2150 durius
743 2089 932 2170 abigei
967 2073 1343 2161 damnantur,
1371 2097 1428 2150 et
1461 2089 1533 2150 ad
1574 2089 1826 2172 giadium
1862 2098 1985 2150 tra·

141 2185 356 2246 duntur
378 2203 392 2241 ε
418 2183 612 2262 itaque
638 2182 810 2242 Divus
836 2182 970 2242 Pius
997 2181 1069 2242 ad
1103 2182 1407 2243 concilium
1436 2183 1647 2243 Boetieoe
1674 2184 1982 2265 rescripsit.

143 2289 207 2339 π.
255 2278 368 2350 Qui
415 2295 646 2356 pecora,
694 2275 764 2336 de
809 2275 1022 2356 quibus
1069 2275 1360 2358 litigabat,
1416 2277 1635 2359 abegit,
1676 2277 1748 2336 ad
1798 2277 1985 2337 sorum

143 2369 514 2432 remittendus
540 2378 655 2443 est,
687 2378 768 2444 et,
801 2372 850 2430 si
886 2372 1064 2431 vietus
1093 2369 1297 2445 suerit,
1328 2373 1389 2430 in
1427 2370 1696 2452 duplum,
1730 2369 1816 2430 vel
1844 2389 1989 2451 qua·-

141 2463 418 2546 druplum
443 2461 924 2524 condemnandus.

669 2643 764 2716 (ax
793 2658 1001 2700 consu.
1033 2627 1151 2700 ·r1·r.'
1164 2661 1261 2712 κη,
1292 2661 1342 2704 c.
1368 2648 1467 2720 vi.)

190 2779 443 2838 PAULUS
479 2780 678 2840 LIBRO
713 2783 1064 2841 SINGULARI
1099 2785 1190 2841 DE
1223 2785 1453 2844 1²0ssle
1490 2787 1899 2846 PAGANORUM
1917 2831 1933 2858 ,

656 2878 772 2937 SUB
807 2879 1041 2936 TITULO
1075 2879 1167 2936 DE
1203 2879 1476 2938 ABIGEIS.

222 3019 595 3096 lneendiarii,
625 3023 812 3102 quiin
839 3021 1054 3104 oppido
1083 3022 1285 3105 praedoe
1310 3041 1483 3084 eausa
1525 3023 1583 3082 id
1624 3021 1988 3095 admiserint,

143 3116 332 3196 capite
367 3117 692 3195 puniuntur
721 3137 735 3174 ε
771 3118 870 3196 qui
907 3135 1042 3178 easu
1083 3116 1333 3177 insulam
1371 3126 1467 3176 aut
1512 3116 1729 3191 villam,
1762 3137 1878 3177 non
1924 3137 1993 3178 ex

143 3208 460 3270 inimicitiis
495 3207 874 3284 incenderint,
904 3209 1100 3276 levius.
1141 3211 1393 3270 Fortuita
1430 3212 1582 3271 enim
1618 3210 1879 3270 incendia
1920 3209 1993 3270 ad

147 3302 341 3364 forum
367 3303 705 3364 remittenda
731 3311 893 3377 sunt,
924 3311 988 3364 ut
1013 3303 1290 3363 damnum
1317 3305 1485 3364 vieini
1515 3306 1807 3366 sarciatur.
