2292 3684
318 80 420 130 828
450 91 611 132 rauu
627 92 785 132 seur.
805 89 1201 146 12.v‚·r.xxxw‚
1214 89 1390 132 xxxv.
1408 88 1605 130 nm1s5.
1618 90 1749 142 mr„
1766 89 1918 131 caus.
1936 91 2154 132 Arrun..

317 193 509 254 literas
550 193 861 274 acceperit,
890 199 1313 274 computantur.
1363 202 1427 252 2.
1470 191 1553 250 Ne
1577 193 1704 273 quia
1732 191 1792 250 in
1838 194 2158 274 captionem

315 285 621 346 verborum
649 289 707 346 in
735 287 984 346 cavendo
1016 285 1229 344 incidat
1248 332 1263 358 ,
1305 284 1789 365 expeditissimum
1822 292 1906 346 est
1934 307 2157 368 poenam

317 382 503 461 ipsam
535 377 622 440 vel
646 379 782 460 quid
814 377 968 448 aliud
994 399 1102 460 pro
1145 398 1212 438 ea
1248 377 1567 458 deponere:
1609 399 1833 440 necesse
1866 381 2022 440 enim
2052 401 2157 438 non

319 473 492 534 habet
528 493 862 556 sponsorem
902 474 1029 554 quis
1061 471 1525 553 fidejussoremve
1566 472 1739 548 dara,
1782 485 1881 534 aut
1916 495 2159 556 presens

318 588 438 628 esse
462 590 478 639 ς
511 567 608 627 sed
636 569 684 626 si
711 576 910 628 contra
934 586 1068 626 eum
1103 565 1276 626 fuerit
1303 567 1769 647 pronuntiatum,
1800 567 1993 650 perdit
2016 568 2157 650 quod
2253 599 2255 602 >

315 662 592 742 deposuit.
643 671 706 722 8.
738 662 968 734 Quoties
1010 662 1070 719 in
1107 659 1720 744 puina-appellationis
1760 671 2025 732 cavetur,
2052 671 2157 722 tam

317 776 466 832 nnus
501 775 678 838 quam
703 754 898 836 plnres
937 753 1335 833 fidejussores,
1364 757 1413 814 si
1448 754 1637 815 idonei
1684 763 1849 828 sunt,
1884 755 2013 816 dari
2042 775 2159 836 pos·

317 855 450 908 sunt
475 869 488 908 :
529 847 740 908 sufficit
767 849 924 908 enim
952 849 1121 906 etiam
1160 867 1266 928 per
1292 866 1473 906 unum
1510 846 1781 908 idoneum
1810 846 2161 908 indemnitati

316 963 498 1024 poenoe
536 940 777 1003 consuli.
811 952 880 1002 4.
913 941 972 1000 Si
995 939 1188 1022 plures
1216 940 1541 1022 appellant,
1572 963 1689 1002 una
1710 943 1899 1002 cautio
1925 941 2157 1008 suffici&

319 1042 375 1096 et
416 1037 462 1095 si
506 1055 656 1095 unus
700 1041 926 1105 caveat,
976 1032 1247 1094 omnihus
1278 1036 1470 1096 vincit.
1519 1045 1587 1096 ὅ.
1636 1035 1781 1096 Cum
1822 1056 1859 1094 a
1908 1035 2163 1116 pluribus
2256 1061 2258 1068 ·

316 1131 606 1189 sententiis
648 1136 1016 1208 provocatur,
1069 1124 1305 1208 singulae
1352 1130 1641 1188 cantiones
1684 1129 1977 1210 exigendo
2004 1138 2159 1200 sant,

319 1231 376 1282 et
401 1221 473 1281 de
501 1220 740 1302 singulis
781 1221 964 1300 poenis
991 1218 1391 1300 spondendum
1421 1229 1521 1280 eat.
1565 1230 1642 1281 θ.
1670 1221 1874 1282 Modus
1902 1243 2090 1305 poenae
2110 1224 2163 1280 in

315 1337 430 1396 qua
455 1318 583 1396 quis
610 1333 808 1375 cavere
826 1313 1020 1389 debet,
1052 1312 1371 1392 specialiter
1402 1305 1743 1376 incautione
1766 1316 2165 1396 exprimendus

317 1418 429 1482 est,
461 1417 524 1467 ut
550 1409 621 1468 ait
655 1407 762 1486 (l),
807 1407 868 1464 in
899 1425 1014 1486 qua
1042 1403 1333 1486 stipulatio
1364 1409 1750 1467 committatur
1780 1429 1795 1467 :
1824 1408 1997 1468 aliter
2022 1411 2167 1470 enim

317 1510 465 1560 recte
490 1502 702 1560 cavisse
725 1519 843 1558 non
873 1498 1109 1558 videtur.
1151 1509 1219 1560 U.
1244 1498 1537 1572 Assertor‚
1570 1502 1617 1560 si
1638 1510 1934 1581 provocet,
1960 1503 2021 1560 in
2052 1501 2169 1580 ejus

313 1595 472 1656 modi
517 1597 742 1656 tertiam
787 1613 982 1654 cavere
1027 1591 1226 1666 debet,
1270 1595 1473 1676 quanti
1518 1615 1692 1656 cansa
1736 1585 2018 1674 aestimata
2068 1604 2163 1654 est.

315 1699 386 1752 8.
424 1687 508 1769 (2)
554 1688 618 1746 ln
648 1684 915 1747 omnibus
943 1685 1287 1766 pecuniariis
1316 1688 1500 1746 causis
1520 1732 1537 1760 ‚
1568 1689 1753 1770 magis
1778 1697 1865 1748 est
1890 1697 1951 1750 nt
1976 1690 2033 1748 in
2053 1695 2168 1746 ter-

315 1783 454 1842 tiam
481 1789 704 1864 partem
733 1781 854 1860 ejus
883 1781 1140 1861 pecuniae
1169 1788 1449 1840 caveatur.

667 1920 782 1980 Trr.
827 1919 1064 1979 XXXIV.
1110 1920 1196 1980 Dr
1236 1938 1548 1984 nmssoans
1585 1941 1805 1984 nmis.

391 2049 464 2100 1.
493 2035 583 2097 Ab
615 2056 680 2098 eo
703 2057 737 2096 a
765 2057 880 2118 quo
909 2035 1265 2117 appellatum
1284 2046 1399 2110 est,
1430 2037 1504 2098 ad
1530 2058 1661 2109 eum
1690 2042 1789 2120 qni
1816 2039 1889 2101 de
1918 2041 2165 2123 appella·

319 2133 472 2192 tione
510 2131 838 2210 cogniturus
885 2137 999 2199 est,
1049 2128 1225 2188 literae
1270 2129 1599 2190 dimissoriae
1646 2132 2005 2215 diriguntur,
2050 2155 2163 2216 qne

319 2224 488 2304 vulgo
511 2222 754 2310 apostoli
781 2221 1149 2303 appellantur
1182 2245 1196 2282 :
1231 2243 1475 2305 qnorum
1504 2225 1810 2308 postulatio
1836 2237 1895 2288 et
1921 2231 2167 2310 acceptio

316 2321 472 2378 intra
511 2320 773 2399 quintum
811 2316 960 2376 diem
991 2337 1062 2376 ex
1101 2315 1289 2382 officio
1338 2318 1597 2380 facienda
1634 2331 1733 2383 est.
1773 2332 1837 2382 0.
1872 2323 1987 2394 Qui
2024 2327 2172 2384 intra

320 2421 580 2494 tempora
598 2413 910 2494 praestituta
936 2411 1287 2474 dimissorias
1314 2434 1431 2474 non
1462 2413 1858 2498 postulaverit,
1898 2418 1989 2478 vel
2024 2439 2173 2480 acoe-

322 2508 506 2587 perit,
556 2504 646 2564 vel
689 2503 1028 2573 reddiderit,
1079 2507 1505 2587 praescriptione
1541 2505 1617 2566 ab
1668 2509 1890 2590 agendo
1934 2509 2171 2570 submo-

322 2611 484 2688 vetur
501 2645 516 2674 ,
549 2607 606 2659 et
630 2617 862 2680 poenam
881 2596 1282 2680 appellationis
1306 2599 1523 2660 inferre
1548 2603 1789 2682 cogitur.

474 2741 593 2801 Trr.
637 2739 830 2800 XXXV
839 2728 864 2802 .‘
896 2739 979 2798 Da
1019 2757 1313 2800 anonumum
1352 2754 1526 2802 causis
1564 2761 2009 2808 sermenem.

409 2871 471 2919 1.
503 2859 768 2918 Meritum
799 2855 1195 2938 appellationis
1232 2877 1413 2918 causat
1455 2859 1745 2940 capitalis,
1784 2871 1843 2922 et
1866 2865 2057 2944 ipsam
2086 2887 2181 2926 ra-

326 2954 538 3012 tionem
567 2950 780 3018 status,‘
821 2969 938 3010 non
967 2951 1077 3010 nisi
1104 2971 1211 3032 per
1244 2955 1627 3034 nosmetipsos
1666 2959 1937 3038 prosequi
1976 2979 2183 3040 possu-
