2292 3684
294 94 400 147 660
591 106 709 149 Gan
738 105 883 149 smsrr.
916 106 968 147 c.
988 66 1078 157 ’m
1104 88 1216 161 §fist
1231 90 1448 149 67469.
1467 114 1473 121 ·
1489 102 1836 153 iunoniam„

296 217 353 269 ct
383 206 845 289 quandoquidem
884 206 987 267 ltoc
1014 214 1253 287 agatur,
1293 217 1488 288 postea
1515 205 1658 266 alter
1685 206 1924 266 alterum
1963 225 2162 285 spon-

296 304 456 360 sione
485 312 753 382 provocat
780 323 794 359 :
832 319 883 357 st
921 319 1179 361 sumsus
1212 318 1440 361 :mc-run
1467 318 1722 361 rma-roms
1745 318 2162 361 rossmnmaus

298 413 446 455 mosis
477 398 603 475 (ms)
630 413 791 455 mera
824 414 989 455 ssssr.
1022 396 1267 456 Invicem
1293 394 1464 455 ambo
1496 392 1906 475 restipulsntur
1930 395 2164 455 adver-

298 510 394 550 sus
438 492 805 571 sponsionem
854 492 941 551 vel
999 531 2150 552 ..................

302 596 345 642 .“
369 626 905 644 .........
952 602 1083 643 cum
1130 603 1248 641 una
1291 585 1440 642 inter
1479 602 1576 642 eos
1615 584 1848 663 sponsio
1909 628 1924 643 .
1987 628 2005 641 .
2057 629 2072 641 .
2135 630 2148 641 .

298 719 702 737 .......
760 675 1048 757 stipulatio
1108 674 2151 738 ...........fit...

296 811 1576 829 .....................
1623 767 1801 826 fundo
1843 765 1918 826 ab
1973 800 2002 826 .—
2049 812 2066 827 .
2133 814 2150 827 .

299 902 1788 923 ........................
1848 908 1862 921 .
1917 862 2157 919 restitui

417 995 433 1012 .
466 993 494 1012 -.
542 998 555 1013 .
606 1000 619 1013 .
662 987 680 1013 ·.
730 998 1383 1014 ...........
1423 950 1630 1031 judex,
1672 952 1824 1033 apud
1857 973 2034 1033 quem
2071 952 2150 1013 de

294 1068 361 1107 ea
383 1065 447 1107 rs
474 1050 688 1129 aqt'tur,
712 1047 852 1108 illud
875 1048 1083 1108 scilicet
1111 1048 1366 1128 requirit,
1391 1046 1581 1129 (quod)
1613 1058 1820 1128 praetor
1839 1047 2150 1108 interdicto

292 1142 619 1222 complexus
665 1153 781 1216 est,
822 1144 879 1202 id
922 1152 1033 1214 est,
1078 1152 1204 1202 uter
1247 1162 1447 1202 eorum
1502 1162 1634 1201 eum
1679 1140 1922 1201 fundum
1973 1163 2148 1203 east-e
2262 1158 2263 1181 ³

294 1235 464 1308 aedes,
496 1255 601 1315 per
626 1234 682 1293 id
710 1246 931 1316 tempus
954 1255 1067 1315 quo
1086 1234 1448 1294 interdictum
1473 1233 1753 1308 redditur,
1785 1254 1890 1293 nec
1913 1238 2003 1307 vi,
2036 1256 2148 1297 nec
2262 1306 2263 1319 χ

294 1327 471 1400 clam,
503 1347 608 1387 nec
630 1331 885 1409 precario
914 1326 1241 1407 possideret.
1275 1326 1418 1385 Cum
1440 1326 1616 1405 judex
1644 1327 1701 1385 id
1729 1326 2142 1408 exploraverit,

294 1428 348 1479 et
376 1419 521 1479 forte
550 1419 861 1479 secundum
891 1439 983 1478 me
1012 1420 1328 1499 judicatum
1357 1419 1458 1491 sit,
1491 1419 1876 1479 adversarium
1905 1420 2142 1501 quidem

296 1520 350 1571 et
376 1514 697 1592 sponsionis
726 1523 780 1572 et
806 1512 1250 1593 restipulationis
1269 1531 1555 1587 summas,
1589 1532 1730 1593 quas
1754 1532 1880 1574 cum
1903 1533 1971 1572 eo
2001 1514 2138 1583 feci,

294 1605 649 1674 condemnet,
674 1616 727 1665 et
742 1608 1140 1665 convenienter
1156 1626 1247 1665 me
1263 1607 1583 1687 sponsionis
1594 1616 1648 1665 et
1665 1606 2138 1687 restipulationis,

294 1721 419 1782 quas
437 1720 660 1760 mecum
680 1701 840 1759 facta}
855 1708 1005 1769 sunt,
1028 1698 1293 1759 absolvit:
1319 1709 1373 1759 et
1391 1698 1498 1760 hoc
1517 1699 1782 1779 amplius,
1807 1704 1854 1759 si
1873 1700 2025 1781 apud
2045 1702 2144 1759 ad·
2261 1778 2263 1785 ⁴

296 1794 606 1852 versarium
642 1812 833 1851 meum
856 1793 1143 1873 possessio
1175 1801 1289 1867 est,
1323 1794 1458 1871 quia
1496 1795 1544 1851 is
1581 1790 2136 1852 sructus'licitatione
2262 1804 2263 1849 l

293 1888 451 1958 vicit,
470 1888 580 1945 nisi
597 1888 852 1945 restituat
872 1886 1009 1945 mihi
1028 1889 1438 1966 possessionem
1452 1933 1467 1957 ,
1486 1885 1834 1947 Cascelliano
1849 1890 1964 1947 sive
1977 1909 2135 1948 secu-

292 1982 438 2040 torio
450 1979 666 2059 judicio
697 1980 1128 2039 condemnatur.
1159 1989 1322 2039 102.
1355 1982 1503 2059 Ergo
1527 1980 1574 2037 is
1600 1982 1698 2059 qui
1719 1978 1936 2040 fructus
1953 1980 2130 2039 licita-

261 2136 267 2143 ,
290 2074 442 2133 tione
458 2075 605 2145 vicit,
624 2075 669 2130 si
692 2092 805 2131 non
826 2072 1030 2152 prohat
1042 2069 1114 2131 ad
1131 2092 1193 2131 se
1210 2073 1490 2151 pertinere
1503 2074 1938 2153 possessionem,
1961 2093 2128 2154 spon-

288 2166 467 2225 sionis
522 2173 576 2224 et
624 2164 1065 2243 restipulationis
1114 2172 1170 2223 et
1213 2162 1430 2222 fructus
1475 2162 1798 2223 licitationis
1845 2184 2126 2225 summam

289 2281 470 2342 poenae
498 2262 731 2319 nomine
747 2258 986 2331 solvere,
1011 2266 1077 2319 ‘et
1101 2266 1372 2337 praeterea
1400 2261 1810 2339 possessionem
1839 2262 2125 2319 restituere

283 2353 555 2436 jubetur,
586 2360 641 2412 et
673 2352 785 2428 hoc¹
826 2351 1071 2431 amplius
1119 2351 1361 2423 fructus,
1413 2372 1556 2432 quos
1593 2353 1814 2413 interea
1855 2355 2125 2432 percepit,

286 2445 488 2507 reddit.
537 2445 770 2505 Summa
811 2446 967 2503 enim
1004 2443 1222 2503 fructus
1257 2441 1580 2502 licitationis
1616 2456 1747 2502 non·
1773 2446 2019 2524 pretium
2043 2454 2126 2503 est

290 2539 574 2598 fructuum
594 2538 731 2609 ,'sed
760 2557 939 2617 poenae
974 2539 1208 2596 nomine
1243 2535 1513 2619 solvitur,
1546 2537 1698 2616 quod
1726 2538 1852 2617 quis
1883 2536 2123 2597 alienam

288 2634 701 2715 possessionem
764 2652 869 2711 per
928 2630 1037 2691 hoc
1099 2637 1322 2712 tempus
1383 2633 1627 2691 retinere
1685 2641 1739 2691 et
1803 2629 2120 2692 facultatem

286 2728 513 2789 fruendi
542 2728 791 2786 nancisci
819 2735 1054 2786 conatus
1086 2734 1186 2786 est.
1248 2737 1404 2787 108.
1436 2726 1534 2785 Ille
1559 2736 1749 2787 autem
1775 2728 1874 2807 qui
1913 2728 2116 2787 fructus

282 2821 591 2881 licitatione
630 2822 807 2880 victus
850 2830 965 2891 est,
1013 2822 1060 2880 si
1099 2840 1217 2880 non
1261 2818 1583 2901 probaverit
1621 2820 1689 2880 ad
1738 2841 1798 2880 se
1846 2823 2118 2901 pertinere

282 2916 731 2995 possessionem,
774 2922 996 2973 tantum
1037 2915 1361 2993 sponsionis
1397 2923 1451 2973 et
1492 2912 1938 2993 restipulationis.
1966 2934 2116 2973 sum-

284 3028 437 3069 mam
463 3026 643 3088 poenoe
665 3009 895 3067 nomine
917 3006 1105 3067 debet.
1137 3019 1298 3071 loo.
1319 3006 1674 3067 Admonendi
1695 3017 1881 3067 tamen
1905 3026 2110 3081 sumus,

286 3101 531 3161 liberum
560 3121 680 3159 esse
710 3102 762 3159 ei
802 3103 901 3181 qui
942 3100 1158 3161 fructus
1201 3101 1503 3162 licitatione
1530 3103 1704 3161 victus
1735 3103 1869 3175 erit,
1913 3104 2109 3162 omissa

282 3194 594 3253 fructuaria
643 3191 1009 3271 stipulatione
1034 3238 1050 3265 ,
1104 3196 1248 3252 sicut
1299 3193 1648 3255 Cascelliano
1691 3195 1810 3252 sivo
1849 3197 2112 3253 secutorio

270 3284 486 3365 judicio
525 3284 593 3344 de
628 3286 973 3364 possessione
1008 3286 1381 3365 reciperando
1414 3288 1730 3365 experitur,
1763 3288 1841 3345 ita
1867 3286 2114 3367 defi-tw-
