2292 3684
286 115 391 170 882
874 106 1061 166 suein
1068 123 1210 180 aura
1246 123 1538 169 vitricam.

286 228 368 288 dit
392 243 633 292 manum
660 227 878 308 injiciet
906 234 963 288 et
994 247 1064 288 ex
1088 230 1224 310 jure
1255 248 1527 292 concesse
1561 233 1912 314 mancipium
1949 233 2128 298 abdu-

285 331 404 394 cet3
432 333 559 404 post
586 323 1091 382 manumissionem
1122 331 1308 383 autem
1341 325 1384 383 si
1417 323 1675 400 redierit,
1704 327 1765 385 iu
1797 337 2128 406 perpetuam

286 420 611 479 servitutem
638 414 747 476 sub
780 415 978 476 eadem
1006 414 1131 498 lege
1161 416 1388 497 publice
1427 419 1796 482 distrahetur.
1829 420 1964 492 Quae
1992 442 2129 481 ven-

286 511 429 574 didit
462 513 512 572 si
546 528 784 571 manum
830 509 1087 590 injecerit
1129 528 1248 570 non
1287 510 1567 586 liberatis,
1603 517 1955 595 mancipium
1993 516 2132 576 reti-

286 625 422 666 nere
468 604 674 686 poterit
710 623 776 663 ac
816 605 1221 664 manumittere
1253 626 1266 661 ε
1297 603 1480 678 adimi
1515 607 1730 687 quippe
1769 605 2122 680 libertatem,

287 709 343 761 et
378 699 605 781 publice
630 697 1015 759 venditionem
1054 699 1132 758 ita
1167 697 1290 758 fleri
1331 698 1574 780 placuit,
1607 708 1669 760 ut
1704 709 1941 781 propter
1977 704 2133 782 peri-

286 790 414 854 cula
440 791 784 863 venditores,
818 791 1077 870 quamvis
1107 799 1453 864 metuentes.
1485 793 1660 859 servis
1697 793 1816 862 suis
1849 792 2130 856 offensam

284 883 372 946 vel
399 883 669 944 duritiam
700 884 925 964 possint
951 883 1278 963 poenitendo
1307 885 1610 949 remittere.

366 987 434 1040 ¹8.
468 976 788 1054 Quominus
817 977 1096 1056 pegasio
1124 977 1208 1036 rei
1235 975 1472 1041 venditae
1500 975 1756 1042 tradatur
1781 978 1962 1058 empti
1981 977 2132 1058 judi-

282 1070 399 1144 cio,
430 1068 625 1130 decem
654 1088 939 1130 annorum
956 1069 1400 1156 *praescriptione
1425 1089 1542 1130 non
1569 1069 1903 1152 impeditur.

366 1173 431 1228 8.
467 1165 756 1227 Evictione
798 1165 945 1229 citra
976 1162 1173 1226 dotum
1211 1166 1486 1245 emptoris
1525 1174 1582 1228 et
1612 1164 1822 1248 judicis
1860 1166 2132 1246 injuriam

284 1265 503 1332 secuta,
540 1255 779 1338 duplum
823 1275 891 1318 ex
936 1257 1111 1338 empti
1144 1255 1364 1338 judicio
1405 1257 1722 1322 secundum
1761 1255 1952 1338 legem
1991 1277 2134 1320 cou-

242 1421 249 1428 ,
288 1360 500 1416 tractus
540 1348 913 1432 praestabitur.

363 1457 430 1509 0.
458 1445 715 1511 Creditor
740 1466 775 1506 a
802 1445 1057 1506 debitore
1083 1447 1294 1526 pignus
1318 1451 1470 1508 recte
1495 1447 1653 1519 emit,
1676 1447 1878 1512 sivein
1901 1446 2136 1510 exordio

284 1548 605 1602 contractus
652 1542 731 1600 ita
774 1539 1069 1612 convenit,
1118 1540 1234 1600 sive
1286 1548 1499 1622 postea.
1551 1541 1666 1602 Nec
1708 1542 1912 1602 incerti
1967 1542 2136 1622 pretii

282 1633 531 1696 venditio
568 1631 871 1706 videbitur,
904 1635 951 1694 si
987 1633 1313 1696 convenerit
1355 1642 1418 1694 ut
1456 1635 1701 1714 pecunia
1737 1632 1976 1694 foenoris
2017 1655 2136 1698 uon

181 1727 189 1741 ’
282 1726 467 1788 soluta
493 1727 737 1787 creditor
762 1727 897 1806 jure
933 1725 1110 1807 empti
1149 1724 1469 1786 dominium
1499 1727 1766 1800 retineat,
1796 1746 1932 1788 cum
1967 1729 2136 1788 sortis

284 1829 338 1880 et
373 1840 681 1880 usurarum
720 1820 1007 1900 quantitas
1042 1818 1114 1878 ad
1144 1817 1295 1879 diem
1325 1819 1602 1879 solvenda}
1630 1821 1887 1900 pecunie
1913 1823 2136 1902 presti-

284 1921 465 1974 tutam
496 1919 647 1975 certa
664 1915 767 1976 sit.
946 1977 951 1980 ,
1771 1993 1776 1998 ,

368 2019 483 2070 ιο.
526 2007 791 2087 Iniquam
832 2007 1184 2069 sententiam
1221 2005 1410 2067 evictae
1453 2007 1538 2066 rei
1574 2006 1898 2087 periculum
1939 2009 2138 2072 vendi-

284 2101 421 2160 toris
463 2119 579 2160 non
618 2107 873 2181 spectare
914 2097 1158 2179 placuit,
1191 2116 1376 2180 neque
1417 2097 1844 2182 stipulationem
1881 2103 2138 2165 auctori·

283 2195 413 2252 tatis
437 2194 805 2253 committere.
898 2235 907 2242 -

368 2297 399 2346 Ι
420 2297 453 2348 Ι
490 2285 764 2345 Convenit
797 2284 869 2345 ad
906 2283 1056 2344 diem
1092 2285 1271 2364 pretio
1299 2303 1414 2343 non
1447 2283 1632 2348 solutu
1670 2285 1953 2349 venditori
1991 2285 2138 2348 alte-

280 2400 411 2441 rum
443 2387 664 2439 tantum
697 2381 955 2461 praestari
987 2399 999 2438 ε
1032 2377 1186 2458 quod
1219 2398 1526 2441 usurarum
1563 2381 1934 2443 centesimam
1975 2401 2140 2445 exce·

282 2472 391 2544 dit,
425 2475 484 2530 in
521 2471 781 2532 fraudem
816 2473 964 2554 juris
1008 2470 1226 2532 videtur
1267 2470 1542 2534 additum.
1574 2472 1812 2536 Divom
1847 2493 2030 2538 causa
2059 2483 2144 2534 est

280 2569 685 2630 commissoriae
712 2567 871 2648 legis,
900 2587 1032 2629 cum
1064 2567 1125 2628 in
1165 2586 1233 2627 ea
1273 2569 1460 2648 specie
1487 2588 1606 2631 nou
1637 2567 1821 2630 foeuus
1852 2565 2141 2632 inlicitum

280 2670 634 2733 exerceatur,
667 2660 764 2718 sed
792 2659 882 2718 lex
910 2667 1230 2721 contractus
1263 2679 1381 2722 non
1413 2659 1814 2742 irnprobabiiis
1851 2660 2098 2724 dicatur.

366 2765 477 2816 19.
516 2754 665 2814 Ante
710 2754 955 2834 pretium
1000 2752 1249 2818 solutum
1301 2751 1540 2816 dominii
1586 2756 1898 2835 quastione
1942 2766 2134 2828 mota,

281 2851 528 2929 pretium
570 2856 795 2928 emptor
830 2849 1123 2908 restituere
1169 2867 1287 2912 uon
1331 2857 1588 2930 cogetur,
1630 2851 1855 2914 tametsi
1895 2851 2136 2912 maximi

279 2940 639 3020 fidejussores
676 2942 965 3002 evictionis
998 2941 1347 3014 offerantur,
1377 2961 1512 3004 cum
1537 2943 1812 3023 ignoraus
1839 2943 2138 3024 possidere

280 3035 511 3112 emperit
534 3055 545 3088 :
568 3053 703 3094 nam
733 3035 1007 3114 usucapio
1036 3034 1250 3098 frustra
1271 3033 1652 3116 complebitur
1671 3037 1986 3117 anticipata
2005 3037 2132 3118 iite;

276 3143 385 3184 nec
421 3132 643 3202 oportet
678 3127 967 3185 evictionis
1008 3128 1366 3188 securitatem
1408 3129 1696 3208 praestari,
1728 3149 1862 3190 cum
1903 3131 1967 3189 in
2005 3133 2136 3211 ipso

276 3224 597 3277 contractus
626 3215 823 3277 limine
850 3219 1093 3280 dominii
1119 3219 1440 3300 periculum
1468 3222 1780 3282 immineat.

362 3319 475 3368 13.
526 3307 793 3368 venditor
832 3312 880 3368 si
922 3331 1027 3392 per
1075 3311 1927 3396 contusionem-imaginarium
1969 3313 2136 3378 colo-
