2292 3684
219 82 373 125 mer.
402 82 544 125 inst.
575 82 630 124 ι.
661 82 740 144 iv,
773 82 829 121 r.
861 82 898 154 ι..
940 80 1012 121 nr.
1037 79 1493 123 ostieniomeus
1522 81 1596 123 ex
1620 80 1869 124 ueniere.
1909 66 2015 125 525

265 196 336 248 8.
381 184 488 248 Sed
515 193 571 245 et
598 187 644 243 si
681 183 872 244 credat
898 182 1102 263 aliquis
1138 184 1315 243 invito
1352 183 1583 266 domino
1610 203 1669 243 se
1696 204 1819 243 rem
1854 202 2012 247 oom-

183 278 476 338 modatam
517 276 624 337 sibi
657 284 1033 348 contrectare,
1071 275 1303 335 domino
1332 284 1523 335 antem
1548 272 1769 335 volente
1802 275 1863 334 id
1890 274 2011 348 fiet,

181 370 390 431 dicitnr
435 370 652 429 furtum
691 388 806 429 non
845 369 988 429 fieri.
1029 368 1183 428 Unde
1216 365 1357 427 illud
1398 370 1695 449 quaesitum
1728 375 1840 437 est,
1882 388 2015 429 cum

180 466 364 524 Titius
391 483 616 524 servum
643 464 824 523 Maevii
852 462 1229 523 sollicitaverit
1254 470 1317 521 ut
1344 462 1621 544 quasdam
1656 482 1745 523 res
1784 462 2015 523 domino

181 555 506 637 subriperet
539 564 595 616 et
629 555 702 615 ad
739 574 867 614 eum
897 554 1205 635 perferret,
1248 562 1305 613 et
1330 573 1525 613 serem
1561 554 1619 613 id
1655 554 1727 615 ad
1758 555 2013 615 Maerium

183 648 512 731 pertulerit3
539 649 794 719 Moevius,
818 648 956 707 dum
979 646 1094 707 vult
1121 648 1373 707 'fitium'
1356 668 1419 705 ιιι
1444 649 1569 727 ipso
1596 646 1797 707 delicto
1820 647 2019 729 deprc-

183 742 467 845 bendere,
498 742 818 822 permiserit
853 758 1012 800 servo
1043 738 1319 821 quasdam
1348 758 1439 798 res
1467 738 1541 798 ad
1570 757 1703 799 eum
1735 740 2013 821 perferre,

185 814 385 893 utrum
417 832 589 904 furti,
624 852 695 893 an
717 833 874 892 servi
901 832 1153 911 corrupti
1179 830 1395 910 judicio
1422 839 1679 891 teneatur
1703 833 1909 903 Titius,
1940 852 2013 893 an

185 936 412 988 neutro.
435 928 504 987 Et
526 946 656 987 cum
677 925 842 985 nobis
861 944 1033 1005 super
1054 922 1161 983 hac
1182 922 1529 983 dubitatione
1550 933 1875 1006 suggestum
1902 933 2011 997 est,

184 1030 242 1079 et
261 1022 624 1099 antiquorum
645 1016 1004 1098 prudentium
1020 1036 1191 1096 super
1204 1016 1313 1078 hoc
1330 1016 1717 1079 altercationes
1737 1020 2017 1099 perspexi·

183 1132 343 1186 mus,
379 1111 716 1192 quibusdam
748 1132 930 1193 neque
960 1110 1132 1183 furti,
1168 1129 1349 1191 neque
1376 1112 1523 1171 servi
1550 1113 1803 1191 corrupti
1839 1113 2017 1183 actio-

185 1225 321 1263 nem
379 1203 802 1286 praestantibus,
858 1202 1197 1283 quibusdam
1254 1202 1387 1263 furti
1439 1204 1856 1276 tantummodo,
1912 1224 2017 1264 nos

185 1296 514 1378 hujusmodi
547 1296 834 1357 calliditati
871 1294 1092 1357 obviam
1131 1306 1327 1356 euntes
1368 1317 1470 1377 per
1500 1307 1751 1357 nostram
1779 1297 1983 1358 decisio

184 1410 323 1450 nem
347 1390 426 1471 (l)
453 1392 776 1461 sanximus,
805 1409 918 1449 non
949 1388 1135 1449 solum
1166 1387 1297 1446 furti
1326 1390 1605 1449 actionem
1624 1436 1639 1461 ‚
1666 1390 1762 1450 sed
1791 1400 1843 1449 et
1872 1392 2017 1449 servi

185 1484 443 1564 corrupti
471 1492 668 1541 contra
707 1502 836 1541 eum
867 1481 1004 1540 dari.
1038 1482 1188 1540 Licet
1224 1483 1375 1540 enim
1404 1482 1451 1539 is
1478 1502 1671 1542 servus
1700 1482 1943 1543 deterior
1981 1503 2015 1541 a

185 1574 548 1635 sollicitatore
600 1576 833 1634 minime
882 1572 1064 1633 factus
1109 1580 1222 1644 est,
1276 1582 1329 1632 et
1366 1573 1490 1634 ideo
1527 1595 1643 1659 non
1684 1583 2022 1635 concurrant

133 1720 144 1725 -
187 1668 400 1751 reguloe
428 1688 552 1749 quae
579 1670 722 1729 servi
753 1670 1002 1747 corrupti
1034 1667 1310 1727 actionem
1346 1669 1789 1741 introducerent,
1827 1679 2017 1730 tamen

189 1760 495 1823 consilium
521 1762 866 1842 corruptoris
899 1760 968 1820 ad
998 1762 1305 1840 perniciem
1334 1758 1628 1841 probitatis
1663 1765 1805 1821 servi
1833 1764 2019 1823 intro-

189 1856 424 1917 ductum
452 1864 565 1928 est,
597 1863 660 1914 ut
691 1858 760 1914 sit
797 1856 848 1914 ei
877 1853 1116 1935 poenalis
1147 1854 1291 1913 actio
1317 1846 1611 1934 imposita,
1644 1863 1935 1937 tamquam
1973 1858 2021 1915 si

189 1971 256 2011 re
281 1952 410 2030 ipsa
433 1950 630 2009 suisset
669 1968 862 2009 servus
891 1954 1223 2029 corruptus,
1254 1966 1327 2005 ne
1360 1966 1429 2007 ex
1465 1947 1790 2028 hujusmodi
1833 1952 2020 2029 impu·
2056 2001 2061 2005 .

193 2044 374 2103 nitate
399 2051 454 2102 et
479 2044 540 2101 in
569 2040 744 2101 alium
769 2061 1022 2113 servum,
1051 2042 1150 2121 qui
1176 2039 1341 2100 facile
1366 2042 1545 2121 possit
1571 2045 1885 2125 corrumpi,
1910 2042 2021 2103 tale

191 2136 416 2197 facinus
443 2157 477 2197 a
506 2134 848 2217 quibusdam
877 2140 1251 2215 perpetretur.

273 2239 339 2289 9.
399 2227 686 2287 Interdum
732 2229 902 2288 etiam
945 2226 1258 2287 liberorum
1304 2225 1604 2287 hominum
1650 2228 1866 2289 furtum
1913 2230 2013 2299 fit,

187 2318 363 2381 veluti
385 2321 432 2379 si
456 2321 582 2402 quis
604 2318 919 2379 liberorum
943 2328 1265 2379 nostrorum
1280 2322 1419 2400 ,qui
1440 2322 1499 2379 in
1530 2328 1799 2400 potestate
1826 2332 2019 2383 nostra

194 2416 295 2487 eit,
329 2414 630 2494 subreptus
659 2414 842 2474 fuerit.

281 2610 396 2662 ιο.
437 2580 756 2681 Aliquando
785 2602 956 2659 etiam
987 2620 1100 2659 snoe
1128 2602 1209 2661 rei
1240 2600 1453 2661 furtum
1482 2603 1719 2683 quisque
1754 2607 2019 2665 commit

193 2694 287 2765 tit,
318 2690 491 2752 veluti
527 2695 573 2753 si
609 2692 829 2753 debitor
863 2712 1016 2766 rem,
1062 2712 1235 2775 quam
1270 2693 1531 2755 creditori
1560 2697 1811 2777 pignoris
1849 2719 2017 2759 causa

197 2783 376 2861 dedit,
411 2782 812 2846 subtraxerit.-

1468 3194 1513 3201 ...-
1520 3194 1529 3202 .
1536 3196 1541 3201 .
1570 3196 1579 3202 .
1588 3188 2029 3205 υ-..ρ-------κ----Δ

263 3262 336 3325 (l)
369 3262 420 3312 L.
448 3266 528 3319 2⁰,
555 3264 629 3321 0.,
651 3258 874 3322 Desurtis
892 3270 936 3307 et
952 3276 1081 3309 nervo
1102 3271 1317 3326 corrupto
1338 3266 1421 3324 (vt,
1442 3267 1511 3319 2).
