2292 3684
145 97 151 105 .
250 48 354 104 4⁰6
390 62 504 103 mu
533 60 674 103 mer.
709 64 761 105 c.
789 63 874 121 ιιι,
901 51 962 115 SS
989 49 1185 105 57-64.
1236 61 1381 103 nom
1408 60 1761 103 minens-onum
1788 57 2055 101 nunon-

252 172 404 223 nent.
489 175 606 226 Μ.
650 164 806 225 Unde
836 169 1022 227 evenit
1045 174 1119 227 ut
1139 164 1387 225 multum
1414 163 1684 223 different
1710 181 1777 223 ea
1798 164 1930 241 jura
1961 180 2096 240 quoe

251 256 505 329 inbonis
533 258 864 317 Latinorum
892 279 961 318 ex
1002 258 1124 339 lege
1160 258 1333 317 Junia
1360 258 1660 318 constitute
1700 264 1863 326 sunt,
1898 253 1972 313 ab
2004 252 2099 311 his

252 372 374 431 quoe
399 353 460 410 in
498 350 806 411 hereditate
847 354 1056 413 civium
1099 353 1490 412 Romanorum
1527 350 1861 410 libertorum
1900 347 2100 407 obser-

249 452 473 506 vantur.
559 455 673 506 58.
704 447 849 507 Nem
879 449 1014 507 civis
1045 446 1291 507 Romani
1327 445 1515 506 liberti
1549 444 1831 505 hereditas
1880 443 1953 502 ad
1996 463 2099 502 ex-

252 545 475 596 traneos
516 536 751 597 heredes
791 539 1020 619 patroni
1060 536 1220 599 nullo
1257 537 1428 597 modo
1469 538 1714 617 pertinet
1746 554 1761 595 ε
1810 534 1881 595 ad
1910 535 2097 595 filium

253 638 442 691 autem
469 634 699 711 petroni
727 638 1073 711 nepotesque
1095 651 1166 691 ex
1193 628 1330 703 filio,
1354 639 1410 688 et
1428 638 1769 709 pronepotes
1794 648 1863 687 ex
1891 638 2099 711 nepote

255 723 411 803 (filio
438 726 600 804 nato)
625 729 935 809 proqnatos
962 724 1289 785 omnimodo
1310 725 1571 805 pertinet,
1604 725 1825 784 etiamsi
1858 723 1943 803 (a)
1982 712 2095 805 pa-

253 827 409 877 rente
439 816 650 877 fuerint
677 818 1020 880 exheredati.
1047 819 1376 879 Latinorum
1399 825 1589 877 autem
1616 816 1788 889 bona,
1818 826 2099 897 tanquam

250 912 470 993 peculia
497 932 819 987 servorum,
866 916 1037 973 etiam
1065 913 1138 973 ed
1170 920 1319 973 extre
1332 911 1741 981 neos,heredes
1778 913 2095 992 pertinent,

251 1016 302 1064 et
345 1006 416 1065 ed
460 1004 670 1067 liberos
717 1010 1150 1067 manumissoris
1206 1006 1573 1068 exheredatos
1620 1025 1736 1065 non
1787 1008 2093 1087 pertinent.

247 1108 360 1159 50.
409 1099 549 1158 Item
583 1102 720 1161 civis
747 1100 990 1161 Romani
1018 1100 1211 1179 liberti
1236 1100 1519 1160 heredites
1554 1098 1629 1159 ed
1658 1098 1798 1159 duos
1828 1099 2094 1181 plnr'esve

249 1200 516 1271 patronos
546 1190 830 1272 oequaliter
856 1196 1118 1274 pertinet,
1143 1192 1271 1253 licet
1298 1192 1505 1275 disper„
1516 1194 1578 1249 in
1606 1211 1675 1251 eo
1712 1210 1874 1252 servo
1900 1191 2096 1251 domi-

254 1288 411 1346 nium
443 1284 766 1347 habuerint.
802 1288 960 1347 Bone
981 1306 1117 1347 vero
1145 1287 1478 1347 Latinorum
1519 1304 1627 1365 pro
1664 1306 1733 1345 ea
1765 1294 1930 1367 perte
1958 1304 2099 1367 per-

251 1381 463 1450 tinent,
509 1398 614 1458 pro
662 1399 775 1461 que
831 1387 993 1459 parte
1021 1380 1279 1460 ‘quisque
1328 1398 1527 1439 eorum
1577 1376 1843 1437 dominus
1891 1377 2087 1438 fuerit.

249 1485 366 1535 oo.
415 1474 552 1533 Item
594 1475 655 1532 in
689 1472 996 1555 hereditate
1035 1474 1170 1533 civis
1207 1474 1449 1533 Romani
1477 1467 1667 1532 liberti
1704 1481 1983 1557 petronus
2010 1470 2097 1531 al-

253 1568 426 1625 terius
475 1566 702 1645 patroni
745 1564 928 1625 filium
969 1564 1241 1636 excludit,
1292 1573 1346 1623 et
1394 1563 1543 1624 filins
1583 1565 1813 1645 petroni
1859 1562 2097 1623 alterius

250 1659 478 1739 patroni
521 1664 788 1739 nepotem
825 1656 1067 1739 repellit.
1115 1659 1273 1718 Bone
1316 1665 1507 1719 eutem
1549 1657 1883 1717 Latinorum
1922 1665 1983 1717 et
2024 1656 2095 1717 ed

247 1753 436 1830 ipsum
484 1759 790 1831 patronum
837 1759 892 1809 et
941 1750 1014 1810 ed
1064 1748 1297 1809 alterius
1336 1752 1563 1831 petroni
1608 1748 1877 1811 heredem
1918 1748 2095 1809 simul

252 1846 567 1923 pertinent,
599 1863 705 1924 pro
749 1863 862 1923 qun
891 1850 1052 1923 parte
1087 1841 1160 1901 ad
1188 1844 1377 1922 ipsum
1406 1844 1883 1901 manumissorem
1911 1844 2091 1921 perti-

251 1944 467 1995 nerent.
519 1946 634 1997 ol.
667 1937 807 1995 ltem
837 1937 884 1993 si
913 1937 1083 1995 unius
1111 1937 1341 2014 patroni
1374 1942 1485 1994 tres
1509 1936 1655 1993 forte
1682 1933 1851 1993 liberi
1878 1944 2014 1994 sunt
2041 1944 2093 1993 et

249 2018 705 2101 alterius⁰unus,
757 2026 1038 2087 hereditas
1080 2028 1217 2087 civis
1270 2027 1515 2093 Romani
1556 2024 1746 2085 liberti
1794 2028 1857 2085 in
1900 2029 2089 2107 capita

251 2123 540 2195 dividitur,
570 2123 627 2181 id
659 2132 759 2195 est,
795 2131 904 2182 tres
932 2122 1136 2182 fratros
1165 2131 1279 2182 tres
1302 2124 1589 2203 portiones
1616 2122 1827 2194 serunt,
1859 2130 1911 2181 et
1938 2142 2089 2181 unns

251 2226 526 2297 quartem.
557 2219 712 2277 Bona
732 2238 863 2278 vero
891 2217 1225 2277 Latinorum
1251 2237 1356 2297 pro
1377 2236 1447 2277 ea
1467 2224 1629 2297 parte
1648 2216 1720 2275 ed
1740 2236 2086 2277 successores

250 2312 560 2391 pertinent,
593 2331 697 2389 pro
726 2330 839 2390 qua
867 2318 1028 2390 parte
1059 2309 1131 2368 ed
1158 2311 1349 2388 ipsum
1388 2310 1866 2369 manumissorem
1902 2312 2085 2388 perti-

251 2412 464 2463 nerent.
551 2414 667 2464 ssv.
699 2404 840 2463 Item
883 2406 932 2462 si
959 2401 1114 2485 'alter
1149 2422 1218 2461 ex
1252 2402 1338 2462 Itis
1378 2404 1633 2483 patronis
1670 2422 1831 2461 suam
1868 2410 2084 2481 partem

251 2498 312 2555 in
339 2494 648 2556 hereditate
676 2498 812 2555 civis
842 2497 1084 2555 Romani
1106 2494 1296 2555 liberti
1319 2505 1578 2577 spernet,
1608 2495 1849 2555 velante
1874 2499 2084 2555 moria-

247 2602 342 2649 tur
369 2610 540 2671 quam
567 2598 782 2661 cernat,
818 2598 933 2650 tota
960 2588 1243 2649 heredites
1270 2591 1342 2649 ad
1366 2589 1608 2650 alterum
1634 2592 1895 2670 pertinet.
1926 2590 2085 2675 Bona

249 2694 437 2745 autem
464 2685 649 2745 Latini
677 2704 781 2765 pro
809 2692 974 2766 parte
1001 2683 1316 2744 decedentis
1346 2687 1573 2765 patroni
1610 2683 1819 2744 caduce
1855 2683 1999 2743 fiunt
2024 2690 2080 2743 et

247 2778 322 2838 ed
348 2776 628 2859 populum
655 2779 954 2857 pertinent.

327 2880 448 2932 63.
494 2870 694 2931 Post'ee
721 2870 882 2951 Lupo
913 2880 968 2931 et
993 2871 1176 2951 Largo
1206 2858 1535 2931 consulibus
1572 2879 1800 2932 senatus
1826 2872 2075 2949 censuit,

247 2974 310 3025 ut
354 2965 506 3024 bona
543 2966 872 3025 Latinorum
907 2968 1159 3045 primum
1206 2966 1275 3025 ad
1316 2986 1412 3027 eos
1458 2968 1809 3047 pertinerent
1842 2968 1939 3048 qni
1978 2984 2074 3024 eos

245 3056 602 3133 liberassent,
627 3056 828 3116 deinde
859 3056 931 3115 nd
953 3056 1163 3118 liberos
1184 3078 1383 3119 eorum
1412 3060 1884 3157 noxknominatim
1910 3056 2079 3117 exhe-

248 3151 494 3227 redatos,
530 3154 609 3211 uti
634 3154 1195 3233 quisque-proximus
1231 3161 1397 3223 esset;
1431 3161 1565 3213 tune
1588 3154 1823 3232 antiquo
1845 3152 1975 3229 jure
1998 3148 2068 3207 ad

243 3243 476 3305 heredes
523 3266 718 3306 eorum
763 3248 860 3327 qui
907 3245 1272 3321 liberassent,
1322 3250 1685 3329 pertinerent.
1771 3256 1889 3305 64.
1946 3245 2067 3318 Quo
