2292 3684
243 51 345 107 622
524 66 636 111 mn
662 66 807 110 mar.
835 66 884 109 c.
916 66 993 123 w,
1022 50 1091 125 ἕξ
1122 55 1310 111 88-95.
1349 64 1800 112 sarisam-ionas.

322 365 435 416 88.
484 354 781 417 Videamus
816 376 969 419 nunc
996 357 1205 438 quibus
1243 376 1315 417 ex
1347 358 1532 417 causis
1567 357 1617 415 is
1649 375 1791 418 *eunt⁴
1811 373 1929 435 quo
1953 356 2104 435 agi—

199 464 209 471 ·
242 456 353 519 tur,
379 446 468 507 vel
492 446 587 507 hic
612 450 709 528 qui
740 451 875 531 agit,
906 450 1180 511 satisdare
1205 458 1464 532 σοφίαν.
1493 458 1612 511 80.
1644 449 1823 529 Igitur
1845 448 1898 507 si
1926 446 2105 510 verbi

242 542 423 623 gratia
447 542 507 599 in
536 560 661 601 rem
680 550 869 603 tecum
896 536 1091 623 agam,
1124 546 1259 605 satis
1283 542 1428 605 mihi
1448 542 1590 603 dare
1617 541 1828 603 debes:
1854 558 2103 622 aequnm

242 636 393 694 enim
422 633 608 695 visum
650 645 735 697 est
776 635 857 713 (te
891 635 1047 714 2)on
1075 635 1230 716 quod
1265 638 1483 697 interea
1514 634 1624 693 tibi
1664 652 1818 705 rena,
1851 652 1982 713 qaae
2013 652 2098 691 an

241 726 325 787 ad
346 722 717 807 te'pertineat
748 726 989 787 dubium
1034 728 1192 807 (est),
1231 726 1519 807 possidere
1555 724 1910 795 conceditur,
1949 744 2100 783 cum

240 819 601 881 satisdatione
629 818 771 884 mibi
795 840 1023 894 cavere,
1063 830 1162 892 ut,
1197 822 1244 880 si
1273 821 1448 881 victus
1477 822 1582 892 sis,
1617 838 1722 879 nec
1747 838 1870 880 rem
1897 819 2099 897 ipsam

240 917 533 988 restituas.
570 914 817 983 nectitis
846 917 1278 980 estimationem
1306 914 1578 986 sufferas.
1615 912 1858 977 mmihi
1885 921 2094 993 potas-

240 1016 325 1068 tas
370 1018 467 1070 ant
509 1018 697 1074 tecum
742 1008 981 1091 agendi,
1026 1018 1131 1073 ant
1177 1030 1306 1073 cnm
1355 1008 1732 1091 sponsoribus
1778 1008 1910 1069 tuin
1957 1018 2094 1073 00.

140 1169 143 1175 ,
239 1100 530 1183 Multoque
568 1103 751 1183 magis
788 1100 960 1165 debes
1000 1101 1456 1167 satisdara·mihi
1477 1148 1496 1177 ‚
1535 1104 1604 1165 ai·
1628 1101 1818 1164 alieno
1851 1103 2094 1167 nomine

232 1194 510 1275 judicium
538 1196 800 1275 accipias.
1609 1216 1613 1223 ·

314 1392 430 1443 91.
473 1382 733 1444 Ceterum
768 1404 897 1445 cum
938 1385 999 1443 in
1039 1403 1160 1443 rem
1203 1385 1348 1444 actio
1387 1382 1599 1465 duplex
1633 1384 1708 1444 sit
1730 1428 1744 1454 ‚
1789 1392 1888 1442 aut
1929 1384 2092 1445 enim

238 1497 341 1558 per
381 1476 688 1539 formulam
716 1480 1040 1559 petitoriam
1066 1480 1280 1559 agitur,
1313 1487 1410 1538 aut
1437 1498 1540 1559 per
1580 1478 1946 1558 sponsionem
1967 1524 1983 1549 ‚
2017 1479 2096 1536 si-

239 1569 465 1651 quidem
496 1591 599 1653 per
619 1568 928 1632 formulam
960 1573 1284 1653 petitoriam
1313 1573 1528 1653 agitur,
1560 1569 1660 1631 illa
1687 1569 1978 1653 stipulatio
2005 1568 2092 1629 lo-

237 1684 370 1725 cum
397 1662 607 1739 habet,
644 1685 769 1747 quae
806 1662 1131 1749 appellatur
1164 1663 1484 1746 judicatum
1512 1661 1696 1733 solvi;
1737 1665 1784 1725 si
1813 1683 1946 1727 vero
1983 1682 2092 1745 per

237 1760 597 1837 sponsionem
616 1803 631 1830 ,
661 1758 761 1818 illa
812 1779 935 1839 quae
962 1757 1289 1840 appellatur
1315 1778 1421 1841 pro
1451 1757 1638 1840 praede
1664 1758 1778 1818 litis
1810 1767 1864 1817 et
1898 1756 2088 1817 vindi-

236 1852 475 1911 ciarum.
517 1861 632 1911 08.
676 1852 942 1912 Petitoria
978 1860 1168 1910 autem
1207 1850 1457 1911 formula
1500 1850 1616 1911 haec
1655 1858 1740 1911 est
1777 1870 1890 1932 qua
1930 1854 2092 1911 actor

234 1944 473 2004 intendit
515 1964 635 2005 rem
668 1964 843 2007 ‚suam
891 1964 1031 2005 esso.
1079 1956 1195 2007 93.
1241 1946 1349 2037 Per
1385 1948 1748 2027 sponsionem
1795 1964 1928 2005 vero
1975 1943 2086 2006 hoc

235 2040 406 2100 modo
430 2042 668 2121 agimus.
701 2040 1081 2101 Provocemus
1109 2040 1495 2101 adversarium
1521 2039 1624 2100 tali
1652 2040 1960 2121 sponsione
1987 2063 2000 2098 :
2035 2057 2080 2100 st

235 2151 403 2206 nono,
433 2150 537 2202 ouo
562 2152 633 2191 nn
661 2151 868 2204 sonna,
904 2152 974 2193 nx
1001 2152 1130 2193 June
1158 2133 1443 2206 Quian-mn
1465 2152 1603 2195 naus
1627 2152 1749 2205 EST,
1781 2150 2080 2193 sasmnos

236 2226 377 2286 XXV
406 2246 620 2289 nonnos
653 2246 790 2289 naas
814 2246 1038 2289 sponnas
1057 2226 1087 2287 ‘P
1116 2228 1354 2289 Deinde·
1373 2227 1682 2289 formulam
1713 2228 1942 2287 edimus
1971 2248 2082 2310 qua

234 2320 579 2381 intendimus
606 2324 929 2402 sponsionis
958 2342 1244 2382 summam
1274 2322 1441 2381 nobis
1467 2321 1604 2382 dare
1632 2330 1930 2403 oportere3
1968 2340 2076 2402 qua

235 2412 483 2475 formula
511 2416 589 2473 ita
628 2416 859 2475 demum
888 2418 1194 2487 vincimuS,
1227 2416 1274 2474 si
1312 2414 1745 2499 probaverimus
1783 2434 1904 2473 rem
1947 2434 2081 2475 nos-

235 2516 383 2567 tram
410 2527 551 2569 esse.
592 2518 711 2569 94.
754 2508 878 2568 Non
909 2519 1102 2568 tamen
1131 2507 1250 2567 boec
1290 2528 1516 2567 summa
1549 2509 1873 2587 sponsionis
1903 2508 2078 2588 exigi-

232 2612 359 2673 tut-3
401 2622 505 2663 nec
534 2604 687 2663 enim
728 2601 967 2684 poenalis
996 2612 1115 2674 est,
1158 2602 1254 2662 sed
1286 2601 1721 2683 praejudicialis,
1769 2612 1822 2663 ct
1847 2612 2076 2683 propter

233 2695 341 2755 hoc
378 2694 564 2755 solum
591 2696 654 2754 fit
683 2706 743 2756 ut
771 2716 874 2777 per
912 2716 1039 2755 eam
1067 2696 1137 2755 de
1183 2716 1244 2755 re
1277 2696 1604 2775 judicetur:
1645 2694 1796 2755 unde
1835 2698 2002 2756 etiam
2031 2698 2078 2757 is

230 2809 359 2849 cnm
391 2788 505 2870 quo
532 2793 749 2872 ayitur,
780 2808 899 2851 non
918 2788 1309 2870 restipulatur.
1343 2800 1480 2855 94⁸.
1511 2788 1646 2849 Ideo
1665 2796 1855 2849 autem
1876 2788 2068 2870 appel·

232 2884 348 2943 lata
386 2892 469 2943 est
509 2901 613 2964 pro
658 2883 846 2965 praede
893 2882 1007 2943 litis
1052 2880 1428 2944 vindiciarum
1474 2880 1796 2963 stipulatio,
1850 2884 1983 2964 quia
2015 2885 2074 2943 in

228 2975 416 3037 locum
446 2975 720 3058 praedium
750 2980 1049 3047 successit,
1078 2978 1220 3058 qnia
1260 2974 1427 3048 olim,
1457 2994 1588 3035 cum
1615 2974 1740 3057 lege
1769 2974 2072 3057 agebatur,

232 3089 340 3151 pro
367 3068 465 3129 lite
493 3080 547 3129 et
572 3070 827 3131 vindiciis
846 3118 861 3143 ,
892 3070 950 3130 id
979 3078 1091 3143 est,
1120 3090 1229 3150 pro
1261 3090 1324 3129 re
1351 3077 1408 3130 et
1435 3068 1750 3142 fructibus,
1791 3090 1826 3128 a
1852 3090 2072 3150 posses-

232 3183 359 3223 sore
394 3164 617 3244 petitori
646 3163 933 3225 dabantur
958 3164 1197 3245 proedes.
1231 3176 1352 3227 95.
1390 3165 1652 3226 Ceterum
1679 3167 1728 3250 si
1757 3163 1907 3245 apud
1937 3185 2066 3225 cen—

232 3258 503 3337 tumviros
538 3260 749 3336 agitur,
792 3278 1074 3317 summam
1118 3260 1438 3340 sponsionis
1475 3279 1590 3317 non
1623 3278 1726 3339 per
1764 3257 2058 3319 formulam
