2292 3684
352 130 503 174 sus-r.
528 132 667 175 msr.
706 133 759 175 ι.
792 134 859 185 n,
884 134 940 177 ¹1¹.
972 134 1061 177 m.
1098 133 1174 177 ua
1201 134 1616 179 suevum-mus.
1799 122 1902 177 463

137 364 283 421 ltem
332 360 689 423 urbanorum
738 364 1081 443 praediorum
1128 366 1421 425 servitutes
1467 372 1598 425 sunt
1643 365 1728 425 hae
1775 389 1786 425 :
1841 374 1902 425 ut

52 458 283 515 vicinus
311 476 490 515 onera
520 457 683 516 vicini
716 460 1021 528 sustineat,
1064 465 1123 516 ut
1163 460 1223 516 in
1263 462 1536 539 parietem
1578 461 1700 539 ejus
1739 457 1903 519 liceat

52 552 251 609 vicino
276 551 505 629 tignum
530 550 829 611 immittere
848 598 864 625 ,
888 560 951 611 ut
970 550 1314 612 stillicidium
1334 551 1418 613 vel
1436 553 1647 613 flumen
1667 553 1902 632 recipiat

52 647 192 725 quis
228 645 294 703 in
330 642 477 703 mdes
522 664 653 705 suas
692 644 777 705 vel
822 647 881 705 in
918 658 1111 707 areum
1146 645 1236 707 vel
1259 647 1320 705 in
1345 644 1625 719 cloacam,
1669 644 1757 705 vel
1785 665 1902 703 non

54 738 330 817 recipiat,
372 744 527 797 etue
566 737 730 798 altius
772 737 933 798 tollat
969 741 1095 821 quis
1134 739 1278 800 aedes
1313 760 1447 801 suas
1479 760 1553 799 ne
1589 738 1902 801 luminibus

58 832 239 890 vicini
266 828 565 893 officiatur.

148 934 222 983 2.
268 923 331 981 ln
372 913 742 985 rusticorum*
761 923 1103 1004 prediorum
1142 926 1432 985 servitutes
1475 925 1704 1004 quidam
1750 944 1903 985 com-

52 1020 259 1099 putari
312 1026 465 1079 recte
512 1028 713 1099 putant
756 1039 915 1101 aquae
960 1018 1258 1087 baustum,
1307 1020 1526 1099 pecoris
1581 1018 1651 1078 ad
1697 1038 1902 1099 aquam

56 1108 395 1193 adpulsum,
418 1111 517 1191 jus
546 1110 835 1195 pascendi,
864 1111 1032 1171 calcis
1057 1110 1377 1193 coquendae,
1410 1131 1592 1171 arenae
1610 1110 1890 1171 fodiendae.

147 1456 215 1507 3.
268 1446 403 1505 ldeo
450 1454 638 1505 autem
676 1445 763 1505 hae
800 1448 1091 1506 servitutes
1125 1446 1468 1529 praediorum
1513 1448 1902 1530 appellantur,

60 1540 345 1623 quoniam
374 1540 499 1598 sine
528 1538 750 1620 praediis
780 1541 1042 1599 constitui
1081 1560 1198 1600 non
1229 1549 1467 1622 possunt
1495 1564 1507 1601 :
1549 1562 1716 1601 nemo
1754 1544 1907 1600 enim

60 1643 253 1715 potest
279 1635 605 1693 servitutem
634 1632 933 1715 adquirere
961 1632 1168 1693 urbani
1195 1634 1282 1695 vel
1315 1638 1505 1695 rustici
1545 1635 1736 1717 praedii
1754 1680 1770 1707 ‚
1798 1638 1906 1695 nisi

63 1731 170 1809 qui
196 1726 369 1787 habet
398 1726 703 1807 praedium3
738 1748 841 1788 nec
871 1730 1173 1809 quisquam
1201 1728 1434 1802 debere,
1475 1730 1585 1789 nisi
1612 1732 1712 1810 qui
1737 1728 1906 1789 habet

108 1820 366 1880 raedium.

64 1842 101 1901 p
150 1926 223 1975 4.
250 1914 307 1973 si
324 1916 451 1994 quis
470 1912 603 1973 velit
620 1914 803 1972 vicino
824 1912 1161 1994 aliquodjus
1177 1916 1530 1989 constituere,
1553 1913 1904 1996 pactionibus

66 2015 245 2091 atque
271 2006 733 2089 stipulationibus
760 2006 817 2064 id
847 2006 1067 2074 efficere
1096 2007 1279 2068 debet.

142 2198 337 2257 Potest
362 2199 537 2257 etiam
556 2198 614 2254 in
632 2203 964 2256 testamento
989 2199 1114 2277 quis
1133 2196 1396 2256 heredem
1419 2216 1583 2256 suum
1605 2197 1902 2271 damnare,

60 2312 135 2351 ne
166 2291 339 2349 altius
363 2288 528 2349 tollat
558 2289 698 2349 aedes
734 2308 865 2349 suas
902 2309 974 2348 ne
1009 2274 1318 2348 luminibus
1348 2288 1551 2348 aetlium
1581 2292 1748 2350 vicini
1775 2290 1906 2351 offi-

62 2389 173 2446 ciat
191 2431 209 2457 ,
241 2384 329 2444 vel
356 2394 420 2443 ut
449 2386 695 2466 patiatur
723 2404 854 2445 eum
884 2386 1103 2465 tignum
1126 2387 1182 2442 in
1209 2386 1478 2464 parietem
1503 2386 1803 2445 immittere
1821 2384 1906 2443 vel

64 2478 417 2539 stillicidium
446 2478 685 2548 habere,
716 2478 805 2538 vel
842 2488 903 2537 ut
940 2480 1188 2559 patiatur
1213 2497 1344 2538 eum
1383 2498 1484 2559 per
1517 2478 1756 2538 fundum
1793 2480 1900 2553 ire,

68 2593 265 2654 agere,
296 2592 577 2653 equumve
603 2592 671 2633 ex
698 2591 765 2631 eo
792 2572 1013 2634 ducere.

646 2806 761 2865 Trr.
794 2803 879 2864 IV.
912 2804 995 2863 De
1024 2821 1330 2867 usus-sucro.

148 2918 513 2979 Ususl'ructns
550 2926 633 2978 est
656 2921 749 2999 jus
790 2918 989 2981 alienis
1017 2920 1190 2981 rebus
1223 2920 1422 2980 utendi
1459 2920 1712 2995 fruendi,
1753 2922 1904 3031 salva

74 3027 265 3068 rerum
298 3007 659 3069 substantia:
1765 3048 1816 3093 A
1835 3082 1851 3108 ,

1717 3131 1854 3207 spite

1680 3223 1855 3279 ierint

1663 3330 1853 3370 rerum
