2292 3684
340 119 492 161 iuer.
524 119 670 161 mer.
709 118 759 161 ι..
791 118 874 174 m,
911 118 967 159 τ.
999 118 1118 159 xix.
1162 118 1233 157 nu
1262 116 1583 158 munusue
1606 116 1888 159 STtPULAT·
1947 103 2039 159 tet

223 217 404 291 detur,
444 219 591 280 nihil
628 221 862 280 interest
895 216 1259 300 stipulatoris.
1301 214 1507 289 Plane,
1538 220 1585 276 si
1624 218 1749 297 quis
1780 216 1911 277 velit
1946 217 2053 277 hoc

224 309 444 382 facere,
475 332 704 393 poenam
741 312 999 392 stipulari
1027 312 1345 380 conveniet,
1379 319 1465 378 ut,
1503 311 1611 369 nisi
1638 311 1716 368 ita
1746 309 1952 371 factum
1984 312 2055 369 sit

223 412 286 461 ut
313 403 784 483 comprehensum
813 413 924 474 est,
955 404 1333 463 committatur
1366 422 1545 483 poeuae
1570 402 1856 482 stipulatio
1884 404 2053 463 etiam

223 494 276 552 ei
306 496 470 574 cujus
502 492 644 554 nihil
670 496 928 565 iuterest3
962 514 1190 575 poeuam
1218 495 1370 554 enim
1398 515 1525 555 cum
1562 496 1865 575 stipulatur
1891 496 2050 575 quis,

221 606 340 645 non
378 586 518 646 illud
555 588 853 667 inspicitur
887 586 1022 667 quid
1049 588 1267 645 intersit
1292 589 1441 667 ejus,
1470 587 1567 647 sed
1603 608 1727 668 quae
1761 590 1832 646 sit
1865 608 2055 668 quan-

219 680 354 739 titas
379 700 618 759 quoque
645 680 890 739 conditio
923 680 1008 759 (l)
1039 677 1432 760 stipulationis.
1464 680 1614 761 Ergo
1642 682 1705 743 si
1716 682 1844 760 quis
1869 682 2057 761 stipu-

220 770 374 831 letur
405 772 551 831 Titio
587 771 740 845 dari,
779 770 923 833 nihil
954 775 1098 853 agitg
1139 771 1237 831 sed
1264 774 1311 831 si
1340 771 1613 833 addiderit
1645 791 1915 853 poenam:
1954 791 2055 833 msx

219 882 477 935 nsum,
508 882 605 924 τοι·
630 882 825 925 amos
850 883 988 924 usas
1020 861 1289 925 sroxusss‘l
1312 873 1447 925 tunc
1474 866 1840 925 committitur
1870 866 2055 945 stipu-

138 1000 142 1006 ‚
222 956 380 1019 latio.

309 1062 424 1113 80.
459 1050 568 1111 Sed
605 1060 660 1111 et
697 1052 745 1111 si
771 1054 899 1133 quis
935 1025 1238 1131 stipuletur
1270 1050 1393 1127 alii,
1424 1070 1554 1111 cum
1594 1053 1715 1132 ejus
1746 1053 2054 1117 interesset

225 1143 445 1224 placuit
472 1144 892 1223 stipulationem
915 1141 1119 1203 valere.
1143 1144 1307 1214 Nam,
1338 1146 1387 1203 si
1414 1146 1460 1203 is
1485 1146 1583 1225 qui
1608 1143 1807 1225 pupilli
1826 1143 2057 1203 tutelam

226 1238 626 1298 administrare
648 1246 922 1318 coeperat,
944 1239 1106 1297 cessit
1127 1228 1611 1297 administratione
1630 1240 1910 1297 contutori
1929 1256 2053 1303 suo.

225 1342 282 1391 et
309 1330 608 1413 stipulatus
635 1338 719 1390 est
744 1350 865 1390 rem
894 1329 1097 1411 pupilli
1123 1329 1337 1389 salvam
1362 1330 1505 1404 fore,
1534 1332 1803 1411 quoniam
1830 1334 2061 1389 interest

226 1425 574 1507 stipulatoris
594 1425 716 1485 lieri
741 1425 892 1507 quod
915 1424 1213 1506 stipulatus
1236 1434 1317 1485 est
1330 1446 1502 1511 ,Dcum
1530 1425 1811 1507 obligatus
1833 1426 2056 1485 futurus

226 1528 370 1579 esset
410 1518 627 1600 pupillo
664 1520 711 1577 si
747 1516 894 1587 male
935 1521 1197 1597 gesserit,
1236 1526 1389 1578 tenet
1418 1517 1707 1599 obligatio.
1744 1518 1891 1599 Ergo
1928 1528 1981 1576 et
2008 1520 2057 1576 si

225 1612 355 1693 quis
397 1612 750 1693 procuratori
785 1630 890 1670 suo
927 1610 1052 1670 dari
1096 1608 1396 1689 stipulatus
1433 1613 1535 1681 sit,
1583 1610 1867 1690 stipulatio
1911 1612 2057 1669 vires

209 1701 490 1774 'habebit3
531 1713 585 1762 et
619 1704 667 1763 si
701 1702 964 1762 creditori
998 1722 1101 1762 suo
1137 1703 1257 1762 dari
1291 1704 1417 1784 quis
1444 1702 1743 1783 stipulatus
1770 1704 1869 1775 sit,
1904 1702 2057 1783 quod

226 1816 334 1855 sua
371 1797 631 1869 interest,
671 1814 744 1855 ne
781 1794 924 1855 forte
951 1794 1040 1855 vel
1076 1798 1245 1877 poena
1278 1798 1677 1868 committatur,
1720 1794 1810 1855 vel
1846 1794 2055 1877 praedia

227 1886 619 1948 distrahantur
642 1907 767 1969 quai
793 1888 1018 1968 pignori
1047 1887 1175 1945 data
1208 1896 1396 1957 erant,
1426 1887 1570 1947 valet
1598 1884 1901 1967 stipulatio.

309 1992 429 2043 ῆι.
469 1980 644 2041 Versa
679 1984 823 2054 vice,
855 1982 954 2062 qui
991 1980 1165 2039 alium
1201 1979 1477 2040 facturum
1508 1982 1795 2059 promisit,
1837 1978 2056 2037 videtur
2102 2050 2107 2055 ὓ

227 2078 290 2135 ἰιι
321 2096 386 2135 ea
415 2094 535 2135 esse
563 2094 736 2135 causa
763 2084 824 2133 ut
851 2084 966 2132 noh
993 2080 1268 2144 teneatur,
1297 2074 1405 2131 nisi
1432 2090 1659 2151 poenam
1689 2074 1811 2153 ipse
1837 2074 2057 2152 promi·

225 2172 385 2232 flent.

311 2274 430 2324 π.
461 2264 603 2321 ltem
627 2280 802 2322 nemo
833 2280 954 2321 rem
981 2280 1140 2320 suam
1170 2259 1449 2332 futuram,
1480 2261 1539 2317 in
1570 2278 1697 2318 eum
1726 2278 1919 2318 casum
1946 2276 2059 2340 quo

229 2378 336 2417 sua
363 2360 468 2428 sit,
506 2356 718 2417 utiliter
743 2353 1062 2436 stipulatur.

313 2461 428 2511 28.
461 2451 518 2510 Si
545 2450 614 2509 de
642 2448 753 2508 alia
779 2469 840 2507 re
867 2447 1165 2528 stipulator
1190 2448 1457 2519 senserit,
1492 2446 1563 2505 de
1588 2442 1702 2504 alia
1731 2448 2059 2525 promissor,

163 2568 176 2591 ι
227 2541 468 2623 perinde
495 2540 654 2599 nulla
680 2538 1032 2600 contrahitur
1056 2537 1355 2618 obligatio,
1387 2558 1451 2596 ac
1479 2539 1523 2595 si
1550 2536 1623 2596 ad
1652 2542 2060 2617 interrogatum

229 2630 570 2715 responsum
608 2651 722 2692 non
764 2640 909 2691 esset
939 2652 954 2689 ε
992 2628 1196 2701 veluti,
1233 2631 1280 2689 si
1317 2628 1608 2689 hominem
1646 2628 1899 2689 Stichum
1936 2648 1973 2688 a
2006 2641 2059 2688 te

227 2731 360 2809 quis
396 2727 698 2808 stipulatus
737 2725 940 2797 fuerit,
989 2734 1049 2785 tu
1094 2724 1165 2784 de
1210 2722 1510 2805 Pamphilo
1557 2726 1835 2795 senseris,
1892 2743 2059 2805 quem

229 2820 485 2881 Stichum
514 2820 702 2880 vocari
728 2817 1052 2879 credideris.

313 2924 432 2975 Μ.
477 2912 641 2984 Quod
669 2913 822 2992 turpi
854 2930 923 2971 ex
948 2930 1120 2971 causa
1147 2913 1487 2986 promissum
1516 2919 1629 2978 est,
1664 2910 1835 2970 veluti
1862 2912 1908 2967 si
1937 2910 2067 2989 quis

231 3005 604 3066 homicidium
647 3003 737 3065 vel
776 3004 1132 3085 sacrilegium
1170 3022 1231 3063 se
1268 3002 1549 3063 facturum
1585 3005 1897 3082 promittat,
1946 3020 2063 3059 non

233 3097 400 3160 valet.

1296 3234 1441 3245 ...α-σύο-

301 3298 366 3361 (ῑ)
400 3300 520 3347 Mate
543 3300 686 3361 vulgo
709 3316 720 3345 z
744 3302 792 3345 in
811 3288 1078 3347 conditione.

1694 3384 1781 3434 96.
