2292 3684
249 79 368 152 698⁴
429 108 548 150 esu
589 107 734 153 mer.
779 108 830 150 c.
855 93 1146 168 τωνδὶ.
1184 107 1371 152 ome.
1396 109 1471 153 nx
1488 107 1970 152 conmemssusu.

341 609 500 662 169.
535 601 600 660 ln
629 619 854 674 summa
877 569 1171 662 sciendum
1192 602 1316 682 (est,
1340 597 1965 684 qmtiensfaoiendmn)
1980 599 2095 660 ali-

255 693 394 774 quid
419 697 596 774 gratis
619 694 891 768 dederim,
917 715 1030 776 qno
1053 699 1305 768 nomine,
1328 697 1375 756 si
1400 696 1717 756 mei-eedem
1745 694 2087 767 statuissem,

255 784 460 848 locatio
487 795 542 850 et
567 785 862 849 conductio
883 787 1326 863 contraheretur,
1344 787 1597 848 mandati
1622 807 1743 848 esse
1766 789 2085 846 actionem:

253 877 428 940 veluti
453 882 502 940 ai
529 877 732 942 fulloni
757 879 1024 962 polienda
1049 881 1369 942 cui-andare
1394 883 1725 942 vestimenta
1742 927 1757 954 ,
1790 889 1887 940 aut
1910 882 2090 940 sarei-

257 975 458 1038 satori·
471 974 765 1039 sarcienda
797 973 1080 1056 (dederim
1096 977 1138 1055 ).

329 1535 502 1598 Gsms,
525 1532 617 1586 lib.
641 1535 743 1588 111
767 1536 960 1588 amm
983 1533 1419 1600 quotidianorum
1435 1568 1454 1598 ,
1484 1533 1591 1584 siue
1612 1535 1904 1588 Annorum
1927 1491 2019 1599 (i).

327 1635 380 1687 Si
399 1636 517 1701 quis
541 1635 763 1688 absentis
789 1637 987 1702 negotia
1007 1630 1236 1702 gesserit,
1258 1639 1305 1689 si
1328 1637 1532 1701 quidem
1554 1649 1616 1686 ex
1642 1635 1902 1698 mandatu,
1924 1637 2095 1700 palam

261 1716 358 1780 eet,
381 1729 446 1766 ex
463 1718 718 1768 contractu
745 1718 886 1768 nasci
905 1718 1037 1768 inter
1053 1732 1140 1770 eos
1164 1719 1387 1769 actiones
1410 1715 1649 1776 mandati,
1664 1715 1850 1781 quibus
1874 1716 2093 1766 invicem

261 1795 476 1858 experiri
501 1797 714 1860 possunt
738 1795 800 1847 de
822 1810 904 1860 eo,
929 1797 1066 1860 quod
1089 1797 1302 1848 alterum
1328 1797 1471 1848 alteri
1492 1810 1557 1848 ex
1576 1795 1709 1848 bona
1734 1795 1830 1848 fide
1854 1796 2097 1860 proestare

261 1876 459 1937 oportet
483 1890 499 1924 :
526 1874 569 1925 si
593 1889 711 1926 vero
741 1875 848 1926 sine
870 1876 1106 1928 mandatu
1124 1915 1140 1940 ,
1174 1877 1365 1940 placuit
1391 1876 1592 1940 quidem
1618 1888 1737 1927 sane
1762 1887 1848 1926 eos
1876 1875 2095 1927 invicem

260 1952 468 2017 obligari
499 1973 511 2004 ι
541 1967 702 2017 eoque
730 1956 932 2005 nomine
958 1955 1171 2019 proditoe
1198 1958 1317 2007 sunt
1342 1958 1591 2020 actiones,
1626 1969 1751 2019 quas
1786 1955 2099 2020 appellamus

261 2033 577 2096 negotiorum
613 2035 894 2097 gestorum,
923 2035 1108 2098 quibus
1130 2049 1275 2099 aeque
1306 2035 1524 2086 invicem
1550 2034 1766 2099 experiri
1795 2037 2003 2099 possunt
2031 2033 2099 2085 de

264 2124 352 2173 eo,
382 2111 516 2175 quod
538 2125 601 2163 ex
624 2113 754 2164 hona
775 2113 873 2165 fide
897 2114 1112 2164 alterum
1143 2115 1287 2166 alteri
1312 2117 1549 2178 praestare
1571 2115 1785 2179 oportet.
1810 2103 1908 2164 Sed
1930 2127 2097 2178 neque

262 2202 326 2239 ex
351 2191 632 2255 contractu,
651 2205 814 2254 neque
839 2205 902 2242 ex
926 2192 1171 2243 maleficio
1190 2193 1411 2243 actiones
1430 2193 1710 2242 nascuntur
1732 2206 1747 2242 :
1770 2203 1935 2255 neque
1956 2190 2097 2242 enim

263 2269 328 2332 is,
345 2269 435 2332 qui
458 2269 629 2335 gessit,
650 2284 768 2321 cum
787 2270 992 2322 absente
1013 2271 1235 2323 creditur
1252 2274 1367 2324 ante
1382 2273 1721 2334 contraxisse3
1746 2283 1910 2333 neque
1930 2269 2099 2320 ullum

263 2350 571 2404 maleficium
597 2352 704 2415 est,
733 2351 843 2402 sine
873 2351 1113 2402 mandatu
1141 2353 1395 2416 suscipere
1422 2351 1735 2416 negotiorum
1770 2348 2095 2400 administra·

264 2431 453 2482 tionem
478 2445 494 2480 z
525 2431 671 2494 longe
702 2429 870 2480 minus
898 2430 961 2493 is»,
986 2430 1130 2494 cujus
1157 2431 1353 2494 negotia
1378 2433 1518 2494 gesta
1544 2432 1686 2494 sunt,
1718 2430 1978 2493 ignorans,
2006 2432 2099 2481 aut

263 2512 600 2574 contraxisse,
642 2512 729 2562 aut
766 2509 1038 2575 deliquisse
1073 2511 1285 2575 intelligi
1316 2511 1501 2576 potest.
1542 2510 1641 2562 sed
1668 2509 1905 2563 -utnitatis
1946 2522 2100 2560 causa

259 2597 518 2658 receptum
545 2593 648 2654 est,
675 2589 892 2642 invicem
927 2595 1022 2642 eos'
1042 2591 1267 2655 obligari.
1300 2592 1421 2642 Ideo
1449 2593 1618 2642 autem
1654 2589 1706 2641 id
1732 2591 1805 2640 ite
1841 2592 2101 2654 receptum

264 2675 365 2737 est,
403 2672 520 2736 quia
556 2671 853 2736 plerumque
885 2669 1116 2722 homines
1154 2685 1212 2722 eo
1252 2671 1421 2738 animo
1456 2683 1661 2736 peregre
1694 2669 2101 2735 proficiscuntur,

266 2753 409 2816 qnasi
449 2751 622 2802 statim
659 2749 897 2812 redituri,
925 2762 1018 2800 nee
1043 2751 1109 2800 ob
1143 2750 1196 2801 id
1236 2751 1327 2800 ulli
1352 2763 1523 2802 curam
1552 2750 1865 2813 negotiorum
1890 2763 2102 2800 snorum

243 2831 536 2894 ssmandam
575 2829 755 2881 deinde
794 2831 942 2880 novis
978 2831 1146 2880 causis
1180 2829 1659 2892 intervenientibus,
1694 2842 1761 2880 ex
1796 2828 2103 2880 necessitate

265 2909 458 2962 diutius
499 2908 684 2960 absunt
726 2927 740 2957 z
782 2921 998 2972 quorum
1032 2909 1233 2972 negotis
1263 2909 1491 2971 deperire
1536 2908 1765 2972 iniquum
1808 2909 1945 2970 ent,
1986 2919 2102 2971 qum

267 3003 386 3041 sane
417 2987 724 3052 deperirent,
757 2987 802 3038 si
830 2989 910 3038 vel
943 2987 1017 3052 is,
1059 2991 1150 3054 qui
1193 2989 1459 3042 obtulisset
1492 3003 1549 3040 se
1584 2988 1797 3054 negotiis
1830 2987 2101 3054 gerundis,

265 3071 457 3122 nullam
484 3069 748 3132 habiturus
783 3071 916 3120 esset
935 3071 1179 3122 actionem
1202 3071 1267 3124 de
1293 3085 1381 3135 eo,
1404 3070 1540 3134 quod
1566 3071 1756 3121 utiliter
1782 3069 1846 3119 de
1877 3083 1968 3120 suo
1997 3069 2099 3120 im·

266 3152 537 3217 pendisset‚
560 3151 640 3202 vel
670 3152 732 3214 is,
753 3151 896 3214 cujus
919 3153 1057 3218 gesta
1081 3156 1269 3218 essent,
1296 3153 1537 3204 adversus
1558 3165 1697 3219 eum,
1722 3153 1808 3218 qui
1834 3149 2105 3204 invasisset

263 3232 463 3296 negotia
485 3231 611 3294 ejus,
641 3229 781 3280 nullo
799 3231 912 3294 J'ure
939 3243 1083 3296 egere
1107 3235 1295 3298 posset.

327 3393 392 3454 (1)
427 3392 480 3440 L.
505 3399 548 3450 5,
571 3407 663 3456 pr„
687 3393 706 3441 5
735 3398 774 3443 l.
803 3355 882 3450 ὸ,
907 3393 975 3441 De
995 3393 1128 3458 oble'gl.
1158 3406 1201 3442 et
1223 3405 1310 3444 act.
1336 3395 1483 3459 (xi-iv',
1502 3399 1567 3458 7).
