2292 3684
201 102 370 147 Just.
405 105 552 148 msr.
595 108 648 149 1..
683 108 774 163 iu,
804 108 856 148 τ.
885 109 928 149 1.
971 110 1042 151 ιιι
1067 110 1349 174 unacort„
1374 110 1441 153 aa
1473 111 1803 154 tat-asmo.
1886 100 1987 153 353

691 279 970 355 LIBER
1026 282 1469 365 TERTIUS„

936 489 1217 499 ...—..,‚.-..—„

215 620 340 681 Trr.
369 620 408 679 1.
445 620 528 679 D:
561 623 972 682 nesam-mmcd
997 640 1108 691 Qum
1134 640 1199 682 as
1226 641 1506 684 xxresmro
1538 642 1890 686 aeranem-us.

207 734 528 794 Intestatus
571 734 817 808 decedit,
864 738 962 817 qui
1006 745 1102 796 aut
1143 741 1376 799 omnino
1424 747 1823 817 testamentum
1874 758 1988 799 non

121 828 290 900 fecit,
327 837 434 887 aut
463 847 577 887 non
594 828 729 907 jure
756 828 914 899 fecit,
945 841 1042 888 aut
1070 830 1129 889 id
1158 832 1308 912 quod
1346 832 1551 893 fecerat
1582 842 1815 913 ruptum
1855 833 1988 893 irri-

123 932 330 980 tumve
363 919 577 980 factum
607 928 716 995 est,
749 931 846 981 aut
876 942 1043 981 nemo
1073 943 1140 981 ex
1170 942 1236 983 eo
1265 924 1428 983 heres
1456 927 1651 984 extitit.

216 1014 736 1087 talamum,
757 1026 946 1087 tutem
973 1016 1311 1081 hereditates
1337 1036 1408 1077 ex
1432 1017 1557 1098 lege
1579 1018 1875 1083 duodecim
1897 1028 1988 1081 ta-

119 1106 412 1166 bularum
443 1110 694 1188 primum
728 1109 797 1168 ad
827 1104 957 1170 suos
990 1109 1224 1170 heredes
1255 1112 1557 1189 pertinent.

207 1211 302 1271 πυ,
319 1198 424 1271 Sui
445 1210 638 1271 autem
661 1200 898 1273 heredes
918 1204 1327 1274 existimantur,
1350 1209 1411 1261 ut
1437 1211 1493 1260 et
1518 1222 1691 1283 supra
1714 1204 1984 1282 diximus,

121 1295 328 1376 quiin
359 1304 635 1375 potestate
662 1296 959 1360 morientis
975 1296 1205 1368 fuerint,
1228 1294 1393 1355 veluti
1414 1294 1563 1355 lilius
1586 1295 1785 1369 filiave,
1810 1317 1989 1378 nepos

125 1390 496 1469 neptisve-„ex
525 1387 674 1461 filie,
707 1406 994 1467 pronepos
1033 1389 1397 1467 proneptisve
1436 1408 1503 1447 ex
1543 1396 1745 1467 nepote
1774 1408 1843 1447 ex
1872 1390 1987 1451 lilio

123 1489 277 1539 nato
305 1490 627 1561 prognatus
650 1490 1028 1561 prognatam
1064 1500 1170 1541 nec
1208 1483 1439 1555 interest
1467 1490 1657 1541 utrum
1699 1482 1987 1543 naturales

123 1576 252 1633 sint
277 1572 582 1642 liberi,·an
615 1573 881 1653 adoptivi.

211 1665 444 1740 Quibus
471 1668 870 1726 connumerari
913 1686 1138 1727 necesse
1167 1674 1250 1727 est
1282 1669 1451 1727 etiam
1480 1688 1575 1729 eos
1613 1670 1713 1749 qui
1740 1689 1808 1729 ex
1836 1668 1991 1751 legi-

121 1764 290 1821 timis
321 1759 554 1839 quidem
593 1760 971 1819 matrimoniis
1011 1780 1130 1819 non
1170 1770 1301 1820 sunt
1336 1764 1649 1842 progeniti,
1691 1764 1862 1822 curiis
1910 1775 1989 1822 ta-

125 1874 268 1913 men
300 1854 592 1912 civitatum
615 1851 752 1924 dati,
776 1852 1086 1912 secundum
1109 1850 1375 1911 divalium
1395 1856 1859 1913 constitutionum
1884 1855 1985 1929 (l),

125 1966 262 2028 (μιν.
290 1964 470 2027 super
501 1943 588 2003 his
617 1946 807 2026 positoe
828 1953 978 2016 suut,
1004 1953 1273 2019 tenorem,
1299 1944 1575 2005 heredum
1604 1966 1837 2005 suorum
1856 1947 1991 2025 jura

127 2040 584 2108 nanciscuntur,
633 2056 738 2096 nec
785 2050 900 2095 non
952 2056 1049 2096 eos
1108 2057 1249 2116 quos
1297 2047 1502 2096 nostroe
1544 2038 1817 2118 amplexae
1856 2048 1989 2097 sunt

125 2132 568 2193 constitutiones
596 2128 680 2208 (2)
717 2148 820 2209 per
847 2148 988 2209 quas
1011 2130 1315 2207 jussimus,
1350 2131 1398 2189 si
1443 2131 1571 2210 quis
1602 2129 1898 2188 mulierem
1927 2131 1986 2187 in

127 2246 244 2287 sno
272 2222 654 2285 contubernio
683 2222 1058 2303 copulaverit,
1083 2244 1199 2283 non
1230 2222 1304 2282 ab
1333 2225 1495 2289 initio
1524 2223 1827 2283 allectione
1859 2244 1986 2283 ma-

129 2320 328 2391 ritali,
359 2338 487 2378 eam
513 2327 700 2378 tamen
731 2335 862 2377 cum
901 2336 1015 2397 qua
1045 2325 1265 2397 poterat
1300 2316 1514 2377 habere
1540 2318 1901 2398 conjugium,
1935 2328 1989 2377 et

130 2437 206 2476 ex
231 2434 302 2473 ea
325 2412 539 2472 liberos
568 2410 874 2481 sustulerit,
908 2420 1101 2491 postea
1124 2431 1277 2483 vero,
1296 2410 1597 2470 affectione
1626 2411 1982 2491 procedente,

132 2512 316 2571 etiam
353 2507 632 2589 nuptialia
671 2510 1051 2567 instrumenta
1087 2526 1217 2565 cum
1252 2524 1319 2565 ea
1353 2505 1578 2575 fecerit,
1628 2515 1682 2564 et
1724 2505 1873 2565 filios
1900 2506 1987 2565 vel

135 2604 288 2664 filias
315 2600 602 2671 habuerit,
635 2620 751 2659 non
782 2598 968 2660 solum
997 2620 1093 2659 eos
1122 2598 1333 2659 liberos
1361 2600 1455 2677 qui
1488 2606 1613 2677 post
1638 2599 1823 2659 dotem
1854 2598 1987 2659 editi

135 2706 278 2757 sunt
304 2695 482 2774 justos
504 2703 560 2752 et
584 2694 644 2752 in
675 2702 948 2773 potestate
977 2692 1155 2772 patris
1184 2708 1325 2761 esse,
1348 2688 1445 2747 sed
1461 2692 1630 2749 etiam
1655 2692 1984 2773 anteriores,

138 2790 246 2871 qni
277 2794 333 2847 et
355 2790 428 2845 iis
453 2788 550 2866 qui
581 2794 774 2866 postea
804 2790 920 2844 nati
950 2792 1083 2843 sunt
1105 2784 1460 2844 occasionem
1488 2782 1723 2864 legitimi
1742 2784 1987 2842 nominis

27 2945 29 2962 ¹
143 2882 544 2965 prestiterunt.
575 2879 742 2950 Quod
768 2876 1024 2938 obtinere
1058 2878 1412 2945 censuimus,
1438 2878 1606 2935 etiam
1635 2879 1683 2936 si
1711 2897 1825 2938 non
1857 2896 1987 2957 pro-

27 2967 32 3186 .
143 2977 320 3059 geniti
347 2974 560 3033 fuerint
591 2980 716 3053 post
743 2970 926 3047 dotale
969 2972 1411 3030 instrumentum
1439 2969 1757 3029 consectum
1787 2967 1983 3039 liberi,

149 3069 237 3131 vel
261 3070 432 3129 etiam
460 3068 581 3126 nati
609 3065 682 3124 ab
711 3064 818 3124 hac
845 3064 968 3125 luce
999 3062 1211 3123 suerint
1242 3061 1533 3122 subtracti.

217 3245 286 3309 (1)
316 3242 484 3292 Theod
524 3248 570 3289 et
605 3241 1104 3297 Vaten1.,·1..3,1,eo
1135 3236 1959 3295 etAnthem„1.⁴,c.,Denamt

157 3308 382 3369 liber.(v,
413 3304 888 3367 2¹1).-(2)1.L.10
915 3312 956 3349 et
990 3306 1066 3357 lt,
1096 3308 1169 3357 0.,
1202 3303 1297 3350 eod.
1610 3376 1681 3430 ²⁰
