2292 3684
345 175 497 219 suar.
530 176 680 218 fflsr.
718 177 771 217 ι..
802 177 867 230 ιι,
905 178 961 217 ·r.
992 178 1075 218 vr.
1114 178 1188 217 nn
1219 178 1670 219 usucAeromwS.
1827 166 1930 217 ⁴83
2023 142 2030 150 ¹

180 289 239 339 v.
278 278 439 349 Quod
479 288 668 338 autem
714 278 784 337 ad
823 299 918 338 eas
954 300 1044 339 res
1081 300 1206 359 quoe
1253 278 1372 339 solo
1403 281 1791 352 continentur,
1833 299 1931 338 ex·

104 370 334 451 peditius
394 372 647 451 procedit
671 418 685 444 ,
739 380 800 429 ut
848 373 973 451 quis
1022 371 1129 431 loci
1177 374 1430 433 vacantis
1480 373 1893 452 possessionem
1917 418 1932 442 ,

98 474 321 545 propter
348 464 663 525 absentiam
695 473 792 524 aut
824 464 1225 547 negligentiam
1255 466 1498 541 domini,
1527 476 1624 525 aut
1652 468 1786 546 quia
1814 467 1936 525 sine

98 579 409 619 successore
446 558 770 632 decesserit,
800 561 923 620 sine
962 562 1017 617 vi
1054 562 1416 619 nanciscatur
1449 582 1464 618 ι
1506 562 1634 640 qui,
1678 562 1936 640 quamvis

94 653 213 731 ipse
238 651 386 711 mala
418 650 529 711 fide
556 651 830 733 possidet,
870 654 1003 733 quia
1028 651 1292 733 intelligit
1321 673 1380 711 se
1409 651 1659 712 alienum
1687 652 1930 711 fundum

94 765 413 826 occupasse,
446 754 637 805 tamen
676 747 721 807 si
764 745 859 804 alii
898 744 1049 809 hona
1080 745 1192 804 fide
1227 747 1557 826 accipienti,
1607 744 1930 818 tradiderit,

96 840 289 917 poterit
313 840 365 898 ei
388 837 560 919 longa
588 840 943 919 possessione
972 860 1059 899 res
1088 828 1310 920 adquiri
1327 840 1423 917 (1),
1449 841 1581 919 quia
1603 857 1790 919 neque
1815 836 1932 897 fur-

94 933 263 989 tivum
290 951 473 1011 neque
500 934 557 989 vi
583 950 904 1011 possessum
933 918 1229 1012 acceperit.
1252 929 1478 990 Abolita
1503 940 1586 991 est
1617 934 1770 991 enim
1793 949 1932 1010 quo-

90 1024 344 1085 rumdam
372 1033 626 1085 veterum
656 1028 948 1099 sententia,
978 1026 1423 1087 existimantium
1451 1026 1620 1086 etiam
1648 1023 1814 1085 fundi
1843 1023 1930 1085 lo-

88 1122 205 1179 cive
232 1120 447 1179 furtum
474 1120 619 1180 fieri.

168 1214 233 1273 Et
260 1234 455 1273 eorum
480 1213 711 1273 utilitati
738 1217 837 1294 qui
867 1234 955 1274 res
984 1212 1091 1274 soli
1121 1213 1486 1294 possederint,
1513 1213 1930 1295 principalibus

86 1306 579 1367 constitutionibus
597 1306 681 1387 (2)
702 1308 1073 1388 prospicitur,
1103 1327 1176 1366 ne
1205 1308 1294 1366 cui
1324 1306 1496 1388 longa
1525 1316 1579 1366 et
1606 1305 1924 1367 indubitata

86 1404 363 1481 possessio
391 1400 608 1461 auferri
635 1399 853 1460 debeat.

164 1504 228 1555 8.
262 1493 587 1574 Aliquando
624 1494 793 1553 etiam
831 1491 1039 1551 furtiva
1068 1490 1155 1551 vel
1183 1493 1235 1550 vi
1267 1512 1523 1572 possessa
1559 1512 1650 1551 res
1689 1497 1924 1573 usucapi

84 1594 290 1666 potest,
331 1585 502 1645 veluti
531 1588 577 1645 si
606 1588 667 1644 in
695 1584 912 1645 domini
940 1592 1273 1666 potestatem
1303 1601 1531 1645 reversa
1557 1584 1754 1658 fuerit3
1791 1595 1926 1645 tunc

88 1682 261 1754 enim,
293 1681 429 1739 vitio
457 1681 539 1737 rei
573 1690 845 1759 purgato,
879 1678 1127 1759 procedit
1159 1680 1279 1759 ejus
1314 1681 1602 1760 usucapio.

164 1784 227 1833 9.
258 1774 367 1832 Res
406 1772 527 1831 fisci
562 1774 741 1831 nostri
781 1773 1017 1852 usucapi
1052 1792 1167 1830 non
1202 1782 1410 1851 potest;
1443 1771 1541 1832 sed
1578 1772 1928 1854 Papinianus

88 1866 331 1945 scripsit,
373 1865 544 1925 bonis
590 1864 920 1925 vacantibus
962 1864 1096 1923 fisco
1136 1865 1394 1924 nondum
1433 1867 1732 1937 nuntiatis,
1777 1864 1928 1925 bona

86 1958 193 2017 fide
223 1968 539 2040 emptorem
576 1959 841 2043 traditam
877 1956 987 2017 sibi
1024 1976 1141 2016 rem
1184 1977 1251 2017 ex
1287 1956 1376 2017 his
1413 1956 1582 2016 bonis
1618 1976 1930 2038 usucapere

80 2072 273 2131 posse;
307 2062 360 2112 et
390 2055 469 2113 ita
496 2052 657 2113 divus
684 2054 847 2126 Pius,
881 2062 934 2113 et
961 2051 1073 2111 divi
1101 2050 1338 2111 Severus
1366 2059 1422 2111 et
1447 2050 1767 2112 Antoninus
1807 2071 1926 2112 res-

78 2149 419 2226 cripserunt.

160 2251 276 2299 ιο.
318 2239 633 2297 Novissime
661 2236 954 2297 sciendum
983 2243 1099 2309 est,
1132 2256 1254 2295 rem
1285 2235 1455 2296 talem
1482 2256 1601 2298 esse
1630 2234 1836 2297 debere
1864 2244 1927 2295 ut

76 2333 135 2390 in
163 2354 222 2392 se
252 2353 373 2392 non
404 2331 613 2392 habeat
638 2334 867 2407 vitium,
899 2340 962 2391 ut
990 2352 1023 2390 a
1051 2329 1217 2390 bonoe
1245 2330 1375 2389 fidei
1404 2341 1658 2413 emptore
1688 2332 1927 2411 usucapi

78 2428 281 2504 possit,
310 2423 401 2485 vel
431 2427 529 2506 qui
556 2444 625 2485 ex
648 2423 762 2483 alia
782 2426 939 2503 justa
964 2444 1135 2483 cansa
1169 2422 1434 2504 possidet.

159 2525 271 2575 n.
303 2515 483 2573 Error
518 2522 705 2573 antem
744 2512 899 2572 falsie
935 2532 1115 2572 causa».
1149 2513 1560 2593 usucapionem
1588 2532 1703 2573 non
1734 2514 1924 2592 parit:

78 2604 249 2665 veluti
277 2608 327 2666 si
356 2608 516 2686 quis,
540 2624 671 2667 cum
698 2623 817 2665 non
840 2606 1069 2675 emerit,
1094 2604 1298 2665 emisse
1325 2623 1386 2663 se
1409 2605 1736 2664 existimans
1754 2648 1770 2675 ‚
1799 2620 1930 2683 pos-

79 2700 285 2772 sidau
315 2698 407 2761 vel
426 2718 557 2763 cum
585 2700 639 2761 ei
660 2698 933 2759 donatum
961 2708 1077 2757 no'n
1108 2696 1306 2771 fuerit,
1337 2699 1502 2777 quasi
1529 2717 1600 2757 ex
1622 2696 1928 2757 donatione

80 2792 381 2873 possideat.

142 2952 215 3013 (l)
244 2973 265 2991 -
290 2954 336 2998 Si
358 2952 465 3016 quis
488 2948 608 2996 mala
630 2948 722 2995 fide
744 2965 841 2997 rem
868 2948 1166 3011 possidens...
1190 2948 1314 2995 hanc
1337 2964 1434 2995 rem
1459 2944 1683 2997 alienet...
1705 2948 1742 2993 si
1767 2956 1924 2993 nutem

83 3014 259 3069 ignorat
288 3026 425 3061 vetus
446 3015 753 3063 elien-tarum
783 3028 943 3059 mum
965 3013 1188 3059 dominus
1212 3024 1257 3058 et
1283 3016 1392 3075 quis
1417 3026 1492 3057 res
1517 3012 1557 3057 ei
1581 3020 1850 3072 competunt
1879 3020 1928 3056 es

84 3077 189 3137 qnia
215 3076 437 3125 alienatio
458 3078 579 3125 facta
606 3088 689 3131 est,
720 3092 815 3123 non
844 3074 983 3122 aliter
1016 3074 1141 3123 hunc
1176 3075 1355 3121 excludi
1392 3074 1476 3121 nisi
1511 3090 1593 3137 per
1619 3071 1922 3119 tricennalem

82 3142 259 3195 praescr-i
300 3142 501 3197 tionem,
526 3155 620 3185 non
644 3138 826 3185 valente
855 3138 1009 3185 dicere
1029 3152 1085 3183 co
1107 3139 1187 3199 qni
1209 3154 1280 3183 res
1301 3136 1388 3184 hoc
1409 3136 1548 3184 modo
1570 3136 1788 3199 possidet,
1811 3136 1922 3197 quia

81 3198 199 3247 bons
220 3203 281 3311 {v
286 3218 315 3249 e
340 3206 439 3267 ipse
462 3201 695 3267 possidet,
718 3201 911 3265 qnando
937 3204 1039 3263 ipse
1062 3214 1091 3245 a
1116 3200 1241 3247 mals
1267 3200 1358 3247 fide
1385 3199 1650 3263 possidente
1677 3196 1770 3243 hoc
1794 3212 1926 3243 neee-

112 3264 160 3307 il·
188 3286 211 3305 ι
280 3269 475 3317 oss-119
512 3281 565 3311 ca
605 3268 685 3317 -7.

80 3276 111 3322 P
140 3325 206 3387 (2)
229 3328 289 3453 ἴ.
313 3298 531 3377 δεῦεν-..ει
548 3281 682 3386 ἔπι,
706 3324 851 3377 De‘ocl.
872 3334 919 3374 et
933 3322 1198 3387 Max.‚LL.
1225 3328 1248 3374 1
1270 3333 1316 3372 et
1331 3328 1378 3379 2,
1405 3320 1460 3369 G.
1501 3320 1574 3371 De
1586 3336 1776 3385 proescr.
1796 3317 1932 3383 lonqt'

82 3394 213 3449 ten-p.
264 3402 353 3449 vn,
370 3390 472 3454 33).
