2292 3684
230 170 377 211 susr.
408 171 552 213 mss.
594 172 647 212 ι..
676 172 719 225 1,
758 172 811 213 τ.
840 172 975 215 xxv.
1015 171 1089 213 us
1116 172 1314 213 nxcus,
1346 172 1472 215 rur.
1503 174 1612 213 vni.
1637 174 1763 215 cua.
1823 161 1918 213 ⁴22

170 285 241 334 Ξ.
276 274 577 335 Sciendum
608 284 797 336 antem
826 284 938 349 est,
968 296 1085 337 non
1104 274 1287 337 solum
1308 284 1519 339 tutores
1538 276 1624 337 vel
1643 286 1928 339 curatores

86 367 329 451 pupillis
363 368 453 430 vel
478 368 684 430 adultis
716 371 1026 452 ceterisque
1060 372 1320 453 personis
1346 391 1415 432 ex
1443 370 1928 433 administratione

86 484 285 525 rerum
316 466 519 536 teneri3
546 464 645 525 sed
670 465 841 527 etiam
862 466 921 525 in
942 485 1037 526 eos
1056 468 1154 547 qui
1179 464 1600 527 satisdationem
1619 466 1927 547 accipiunt,

89 558 497 621 subsidiariam
524 563 804 621 actionem
832 580 953 621 esse
973 608 989 633 ‚
1035 581 1162 642 quai
1187 560 1454 621 ultimum
1490 563 1570 621 eis
1605 561 1928 642 proesidium

89 655 267 736 possit
296 652 544 715 adferre.
578 652 928 713 Subsidiaria
966 663 1155 714 autem
1191 654 1336 714 actio
1363 656 1422 712 in
1452 674 1548 713 eos
1584 653 1784 728 detur,
1833 657 1927 739 qui

93 755 189 806 aut
211 748 455 807 omnino
483 766 518 805 a
550 745 831 807 tutoribus
857 746 945 807 vel
966 747 1321 807 curatoribus
1345 746 1603 807 satisdari
1623 767 1738 807 non
1766 768 1927 809 cura-

93 850 317 915 verunt,
352 848 452 901 aut
492 860 607 901 non
646 840 846 902 idonee
883 844 1037 923 passi
1073 850 1206 903 sunt
1244 844 1446 903 caveri.
1487 842 1621 917 Quae
1663 842 1889 923 quidem
1912 890 1927 919 ,

92 945 206 996 tam
246 957 314 996 ex
349 935 719 1019 prudentium
744 940 1059 1019 responsis,
1104 958 1276 1020 quam
1317 958 1384 998 ex
1431 939 1927 999 constitutionibus

90 1030 518 1113 imperialibus,
550 1020 719 1090 etiam
748 1034 808 1091 in
836 1030 1071 1092 heredes
1097 1030 1661 1095 eorum‘ex’tenditur.

165 1136 230 1186 8.
263 1126 491 1199 Quibus
519 1124 1013 1186 constitutionibus
1050 1136 1105 1185 et
1136 1124 1278 1185 illud
1305 1126 1671 1207 exprimitur,
1718 1133 1780 1186 ut
1819 1126 1930 1186 nisi

88 1230 320 1280 caveant
382 1228 593 1281 tutores
642 1218 733 1279 vel
785 1229 1098 1294 curator-ee,
1151 1218 1487 1304 pignoribus
1531 1222 1710 1302 captis
1767 1240 1927 1282 coer·

92 1322 341 1374 ceantur.

172 1418 233 1468 4.
262 1406 468 1487 Neque
503 1415 692 1466 autem
725 1404 1022 1488 praefectus
1059 1405 1222 1480 urbi,
1257 1425 1444 1488 neque
1480 1414 1712 1488 pastor,
1744 1427 1926 1489 neque

95 1520 291 1581 praeses
316 1502 665 1583 provinciae,
694 1520 879 1583 neque
908 1502 1035 1583 quis
1072 1500 1216 1561 alius
1252 1503 1342 1561 cui
1378 1510 1590 1562 tutores
1628 1500 1798 1561 dandi
1832 1503 1929 1581 jus

94 1602 198 1668 est,
230 1594 341 1656 hac
371 1596 594 1655 actione
618 1592 935 1667 tenebitur3
967 1594 1066 1656 sed
1098 1593 1161 1655 bi
1201 1594 1595 1657 tantummodo
1631 1596 1729 1678 qui
1769 1598 1927 1657 satis·

93 1688 380 1749 dationem
405 1689 626 1772 exigere
658 1686 857 1748 solent.
910 1697 919 1705 '

194 1814 303 1873 Trr.
339 1814 505 1875 XXV.
538 1815 623 1873 Du
646 1832 1077 1877 Excusanoniaus
1100 1830 1342 1875 ‘turonen
1367 1832 1468 1875 vin.
1496 1832 1820 1877 cuasa-onum

170 1917 528 1979 Excusantur
555 1927 746 1979 autem
772 1928 986 1979 tutores
1005 1918 1092 1978 vel
1118 1926 1406 1979 curatores
1426 1920 1594 1978 variis
1617 1939 1684 1979 ex
1705 1920 1888 1979 causis
1908 1965 1923 1991 ‚

92 2009 431 2093 plerumque
460 2020 651 2071 antem
684 2020 919 2093 propter
942 2008 1180 2084 liberos,
1211 2012 1328 2071 sive
1365 2012 1426 2071 in
1467 2019 1738 2093 potestate
1779 2012 1888 2071 sint
1909 2057 1923 2083 ,

90 2103 200 2163 sive
226 2104 593 2185 emancipati.
612 2105 687 2171 ‚Si
714 2107 867 2165 enim
888 2114 999 2167 tres
1014 2104 1224 2169 liberos
1245 2106 1574 2186 superstites
1591 2105 1784 2167 Romae
1801 2108 1928 2187 quis

90 2198 292 2260 habeat
309 2245 323 2273 ‚
356 2199 447 2260 vel
476 2202 537 2260 in
566 2200 727 2261 ltalia
746 2212 1019 2283 quatuor,
1048 2201 1137 2263 vel
1160 2204 1220 2261 in
1247 2203 1564 2283 provinciis·
1581 2204 1861 2284 quinque,
1891 2224 1928 2262 a

91 2293 257 2354 tutela
282 2293 375 2354 vel
403 2315 541 2354 cura
569 2304 752 2376 potest
779 2298 1067 2369 excusari,
1098 2296 1359 2378 exemplo
1385 2305 1702 2357 ceterorum
1730 2316 1926 2357 mune-

90 2408 245 2459 rum3
276 2408 419 2447 nam
448 2396 502 2448 et
528 2388 763 2449 tutelam
788 2388 875 2449 vel
903 2378 1101 2451 curam
1137 2390 1350 2472 placuit
1385 2389 1682 2471 publicum
1717 2410 1925 2450 munus

92 2500 223 2541 esse.
251 2480 363 2541 Sed
385 2481 629 2562 adoptivi
650 2482 815 2542 liberi
838 2503 955 2543 non
981 2491 1248 2565 prosunt;
1271 2484 1332 2541 in
1353 2481 1715 2563 adoptionem
1737 2474 1924 2543 autem

94 2574 199 2634 dati
223 2574 476 2636 naturali
507 2576 656 2657 patri
685 2584 943 2657 prosunt.
977 2577 1119 2637 Item
1151 2584 1384 2657 nepotes
1414 2596 1482 2637 ex
1509 2576 1626 2635 filio
1655 2586 1919 2658 prosunt,

97 2671 233 2729 utin
262 2673 457 2730 locum
480 2672 657 2751 patris
687 2671 1017 2743 succedant;
1051 2692 1119 2731 ex
1144 2670 1263 2731 filia
1289 2690 1406 2731 non
1436 2680 1694 2752 prosunt.

168 2764 293 2823 Filii
331 2772 521 2823 autem
558 2766 885 2845 superstites
924 2772 1141 2825 tantum
1185 2764 1258 2824 ad
1287 2764 1472 2825 tutelae
1499 2763 1588 2825 vel
1616 2786 1762 2825 curae
1789 2785 1924 2823 mu-

98 2856 239 2913 neris
266 2858 687 2919 exeusationem
715 2868 985 2937 prosunt3
1017 2856 1268 2917 defuncti
1297 2877 1410 2917 non
1445 2866 1705 2938 prosunt.
1740 2858 1847 2917 Sed
1877 2861 1922 2917 si

102 2948 151 3004 in
176 2946 329 3008 bello
358 2950 549 3008 amissi
578 2957 739 3019 sunt,
774 2951 1068 3029 quaesitum
1099 2960 1185 3010 est
1210 2970 1282 3008 an
1315 2952 1550 3029 prosint.
1599 2951 1669 3010 Et
1706 2960 1924 3010 constat

102 3058 185 3099 eos
234 3040 387 3101 solos
441 3040 735 3123 prodesse,
789 3044 886 3123 qui
937 3044 994 3099 in
1041 3044 1162 3102 acie
1207 3044 1569 3115 amittuntur;
1628 3042 1685 3102 hi
1735 3046 1916 3118 enim,

104 3135 222 3210 quia
245 3134 328 3213 (l)
362 3155 465 3216 pro
492 3134 788 3215 republica
816 3134 1135 3196 ceciderunt
1154 3182 1168 3209 ‚
1201 3136 1260 3195 in
1287 3146 1628 3219 perpetuum
1661 3157 1764 3218 per
1791 3136 1918 3219 310-

104 3226 233 3282 riam
260 3227 443 3287 vivere
468 3226 881 3307 intelliguntur.

161 3388 225 3448 (l)
253 3386 403 3451 Vulgo
423 3405 437 3436 ς
460 3391 561 3453 qni.
