2292 3684
350 82 503 127 mer.
532 82 679 125 mer.
718 84 775 125 ι..
802 42 871 139 ἷι,
910 84 965 125 r.
995 85 1032 125 1.
1072 86 1146 127 ne
1176 84 1461 127 nrvrstoua
1485 84 1694 127 mnu.
1841 72 1942 126 489

187 198 301 249 42.
344 186 503 246 Nihil
544 195 735 247 antem
765 189 1027 261 interest,
1062 195 1258 247 utrum
1296 188 1436 269 ipse‘
1458 186 1722 248 dominus
1762 186 1948 248 tradat

104 279 275 340 alicui
302 300 454 355 rem,
490 301 565 340 au
592 280 879 341 voluntate
906 284 1029 361 ejus
1056 280 1217 341 alius.

182 384 305 436 4⁸.
336 376 465 448 Qua
488 376 737 446 ratione,
768 377 817 434 si
846 377 935 435 cui
964 372 1150 435 libera
1175 376 1572 437 universorum
1589 376 1946 457 negotiorum

99 468 525 529 administratio
544 490 579 528 a
596 467 825 528 domino
840 471 1117 549 permissa
1135 469 1324 542 fuerit,
1344 471 1504 549 isque
1519 488 1589 529 ex
1603 468 1694 528 his
1711 472 1950 550 negotiis

100 584 231 625 rem
258 564 575 625 vendiderit
600 572 657 624 et
682 562 1005 637 tradiderit,
1035 563 1172 623 facit
1196 582 1323 623 eam
1351 564 1693 643 accipientis.

182 670 305 720 4⁴.
328 658 619 719 Interdum
634 660 809 719 etiam
826 661 953 719 sine
972 657 1272 717 traditione
1285 656 1440 717 nuda
1458 657 1718 717 voluntas
1735 657 1952 719 domini

100 752 321 813 sufficit
359 752 433 813 ad
468 772 591 813 rem
632 752 1087 814 transferendam
1108 798 1124 826 ,
1173 751 1343 812 veluti
1383 754 1431 813 si
1477 772 1600 813 rem
1639 772 1815 834 qnam
1847 752 1952 811 tibi

102 844 319 926 aliquis
344 846 725 906 commodavit
746 854 845 907 aut
870 845 1074 907 locavit
1102 854 1202 905 aut
1231 845 1385 927 apud
1411 854 1468 907 te
1497 846 1784 927 deposuit,
1811 865 1952 906 ven-

104 938 319 999 diderit
341 938 449 999 tibi
474 949 577 999 aut
609 940 933 1013 donaverit3
966 942 1228 1021 quamvis
1262 942 1416 1001 enim
1452 958 1522 1001 ex
1549 960 1618 1001 ea
1651 958 1822 1001 causa
1851 940 1954 1000 tibi

100 1052 239 1093 eam
260 1053 381 1093 non
410 1032 697 1093 tradiderit
714 1078 730 1103 ‚
756 1052 823 1095 eo
840 1043 1036 1093 tamen
1061 1036 1190 1114 ipso
1217 1034 1368 1115 qnod
1391 1036 1608 1116 patitur
1632 1042 1788 1095 tuam
1811 1054 1949 1107 esse,

96 1128 301 1187 statim
324 1127 431 1188 tibi
457 1124 777 1208 adquiritur
804 1128 1156 1209 proprietas,
1185 1127 1422 1209 perinde
1448 1148 1516 1188 ac
1544 1130 1592 1187 si
1619 1146 1688 1189 eo
1723 1132 1952 1191 nomine

98 1220 319 1279 tradita
344 1219 564 1281 fuisset.

182 1324 309 1375 45.
343 1312 485 1375 Item
510 1314 559 1373 si
586 1314 715 1394 quis
740 1332 958 1375 merces
984 1316 1047 1373 in
1075 1313 1284 1375 horreo
1313 1313 1596 1395 depositas
1621 1315 1952 1392 vendiderit,

100 1406 287 1468 simul
332 1414 503 1487 atque
558 1405 743 1468 claves
788 1404 982 1469 horrei
1022 1408 1318 1469 tradiderit
1361 1410 1604 1488 emptori
1620 1454 1636 1481 ,
1688 1412 1956 1472 transfert

100 1500 521 1580 proprietatem
549 1501 827 1559 mercium
856 1500 929 1559 ad
956 1508 1287 1581 emptorem.

186 1602 311 1654 46.
356 1592 477 1653 Hoc
516 1591 792 1673 amplius,
834 1592 1121 1653 interdum
1159 1601 1214 1653 et
1245 1596 1306 1653 in
1339 1595 1614 1655 incertam
1649 1612 1956 1677 personam

104 1686 319 1747 collata
344 1685 607 1747 voluntas
634 1686 853 1747 domini
870 1688 1142 1749 transfert
1161 1690 1246 1747 rei
1264 1689 1671 1770 proprietatem
1705 1710 1719 1747 ε
1747 1697 1811 1749 ut
1831 1709 1958 1750 ecce

110 1788 383 1861 praetores
406 1787 463 1840 et
488 1780 774 1853 consules,
804 1782 907 1861 qui
932 1780 1172 1841 missilia
1190 1782 1410 1861 jactant
1433 1784 1494 1841 in
1523 1780 1760 1864 vulgus,
1789 1784 1959 1864 igno-

112 1882 251 1933 rant
292 1872 429 1953 quid
470 1894 671 1933 eornm
709 1876 948 1955 quisque
981 1876 1055 1935 sit
1090 1883 1458 1956 excepturus,
1497 1884 1554 1936 et
1587 1883 1780 1936 tamen
1826 1878 1961 1957 quia

112 1966 311 2027 volunt
340 1966 493 2048 quod
524 1970 762 2049 quisque
790 1970 1071 2051 exceperit
1097 1971 1224 2050 ejus
1259 1989 1406 2043 esse,
1451 1972 1640 2030 statim
1683 1988 1814 2031 eum
1854 1969 1960 2030 do-

111 2064 341 2122 minnm
368 2060 649 2122 efficiunt.
1187 2128 1199 2137 ,

190 2166 311 2217 41.
344 2155 469 2227 Qua
492 2156 715 2215 ratione
733 2154 919 2213 verius
946 2172 1069 2213 esse
1086 2154 1335 2228 videtur,
1359 2157 1406 2213 si
1427 2174 1550 2215 rem
1569 2174 1678 2237 pro
1693 2154 1961 2218 derelicto

112 2270 147 2309 a
170 2250 410 2310 domino
436 2248 695 2309 habitam
724 2250 1082 2329 occupaverit
1109 2251 1236 2329 quis
1251 2292 1272 2324 ,
1297 2252 1487 2309 statim
1515 2270 1646 2309 eum
1666 2250 1960 2311 dominum

108 2343 282 2405 effici.
332 2343 443 2403 Pro
493 2340 759 2401 derelicto
806 2350 993 2401 autem
1048 2340 1323 2417 habetur,
1377 2341 1527 2423 quod
1581 2344 1843 2405 dominus
1895 2365 1962 2404 ea

110 2430 303 2497 mente
332 2437 630 2516 abjecerit,
660 2444 723 2495 ut
760 2436 818 2495 id
846 2457 1037 2497 rerum
1068 2457 1304 2497 suarum
1338 2456 1459 2497 esse
1487 2436 1692 2513 nollet,
1722 2438 1962 2521 ideoque

109 2534 303 2591 statim
326 2530 593 2591 dominus
624 2550 744 2591 esse
772 2529 992 2591 desinit.

197 2635 311 2687 48.
364 2623 493 2683 Alia
510 2642 707 2684 ·causa
754 2632 837 2683 est
878 2642 1071 2683 earum
1118 2641 1312 2683 rerum
1359 2643 1484 2704 quae
1529 2626 1589 2685 iu
1636 2633 1964 2706 tempestate

112 2720 323 2791 maris,
354 2715 607 2779 levandae
649 2716 1044 2800 naviscausa,
1084 2718 1416 2796 ejiciuntur;
1457 2716 1541 2777 hee
1579 2720 1732 2777 enim
1777 2718 1964 2781 domi.-

116 2832 327 2873 norum
359 2816 731 2891 permanent,
765 2810 901 2888 quia
927 2808 1119 2889 palam
1150 2817 1231 2868 est
1259 2830 1354 2869 eas
1385 2828 1500 2868 uon
1530 2830 1596 2869 eo
1630 2812 1822 2870 animo
1841 2813 1969 2891 ejici

119 2906 271 2987 quod
296 2907 425 2986 quis
454 2922 551 2963 eas
578 2900 791 2962 habere
820 2922 937 2962 non
981 2901 1125 2976 vult,
1168 2901 1266 2961 sed
1303 2922 1416 2984 quo
1453 2905 1634 2983 magis
1673 2924 1804 2963 cum
1839 2906 1965 2985 ipsa

121 3002 253 3059 navi
278 3001 453 3058 maris
483 2993 803 3078 periculum
830 2994 1083 3076 effugiat.
1119 2995 1244 3067 Qua
1281 2997 1348 3056 de
1387 3017 1583 3070 causa,
1621 3000 1668 3055 si
1709 2999 1834 3077 quis
1872 3018 1965 3057 eas

124 3091 386 3153 fluctibns
415 3088 711 3171 expulsae,
742 3087 829 3147 vel
857 3089 1025 3147 etiam
1048 3089 1107 3147 in
1136 3091 1262 3170 ipso
1283 3092 1428 3149 mari
1457 3098 1680 3165 nactus,
1706 3090 1965 3151 lucrandi

126 3186 311 3245 animo
340 3182 671 3255 abstulerit,
704 3182 921 3242 furtum
959 3183 1286 3253 committit3
1328 3204 1430 3243 nec
1471 3182 1642 3265 longe
1681 3184 1967 3244 discedere
2025 3233 2034 3252 .

126 3279 381 3341 videntur
406 3278 483 3339 ab
510 3277 603 3339 his
632 3297 759 3359 quae
778 3276 847 3338 de
865 3276 1041 3338 rheda
1060 3286 1350 3350 currente,
1373 3296 1488 3337 non
1519 3276 1967 3357 intelligentibus
2016 3281 2028 3342 ,“

132 3375 403 3449 dominis,
431 3374 660 3435 cadunt.
