2292 3684
74 32 79 95 gs

72 96 77 167 ,Ι

70 170 76 197 ³
123 175 188 231 in
228 192 344 254 quo
372 172 644 234 damnum
681 195 881 257 passus
921 184 1033 248 est,
1077 182 1529 236 connumeretur.
1572 174 1733 245 Quod
1766 184 1961 237 nostra

433 71 582 115 mer.
613 73 764 115 mer.
805 74 860 116 ι..
890 74 968 131 tv,
1004 74 1060 116 r.
1091 74 1171 115 vt.
1210 72 1283 113 nn
1310 71 1655 115 aenomaus.
1857 62 1957 117 583

121 271 454 329 constitutio
495 270 582 351 (l)
623 272 876 345 induxit,
923 292 1048 352 quae
1077 274 1138 330 in
1173 280 1364 331 nostro
1398 269 1599 331 Codice
1641 270 1840 355 fulget,
1889 292 1958 333 ex

123 382 248 442 qua
276 362 448 422 dubio
477 364 675 444 procul
704 375 786 424 est
813 386 880 425 ex
906 364 1028 446 lege
1055 364 1433 425 condictitiam
1467 384 1750 427 emanare.

211 466 328 517 25.
365 455 707 537 Quadrupli,
743 457 914 517 veluti
941 457 1076 516 furti
1104 456 1425 527 manifesti3
1411 459 1577 516 ·item
1605 456 1674 517 de
1710 476 1778 517 eo
1806 457 1957 537 quod

117 556 316 607 metus
343 568 512 609 causa
541 550 751 611 sactum
779 554 886 625 sit,
909 551 1090 632 deque
1114 572 1181 611 ea
1212 552 1449 633 pecunia
1471 572 1593 653 quae
1614 554 1671 609 in
1694 550 1802 611 hoc
1830 552 1960 611 data

115 646 230 714 eit,
253 645 385 701 ntis
412 646 501 702 cui
519 642 686 704 datur
707 643 998 705 calumniae
1027 664 1197 705 causa
1220 646 1511 725 negotium
1518 630 1700 705 alicui
1725 643 1953 715 faceret,

116 738 216 796 vel
246 758 363 796 non
391 738 616 801 faceret.

207 830 351 889 Item
377 832 583 912 exlege
605 822 924 893 condictitia
945 852 979 891 a
1001 840 1195 892 nostra
1222 834 1615 892 constitutione
1642 832 1724 913 (2)
1748 834 1953 905 oritur,

113 925 184 981 in
209 924 594 1005 quadruplum
613 923 1179 985 condemnationem'
1164 944 1465 1005 imponens
1482 926 1552 984 iis
1569 924 1959 985 executoribus

113 1014 345 1087 litium,
377 1018 474 1098 qni
500 1028 698 1077 contra
722 1017 1130 1079 constitutionis
1159 1037 1422 1078 normam
1450 1038 1485 1077 a
1511 1019 1621 1099 reis
1646 1016 1957 1099 quidquam

113 1113 434 1191 exegerint.

203 1214 321 1265 zo.
355 1203 462 1264 Sed
496 1204 633 1265 furti
661 1205 889 1286 quidem
917 1224 1021 1265 nec
1048 1203 1337 1264 manifesti
1363 1207 1539 1277 actio,
1568 1215 1624 1265 et
1656 1206 1797 1265 servi
1827 1224 1957 1265 cor-

113 1301 306 1377 rupti,
339 1319 372 1357 a
400 1300 597 1359 ceteris
627 1300 696 1359 de
723 1298 928 1380 quibus
956 1299 1127 1359 simul
1153 1298 1325 1358 locuti
1352 1319 1548 1359 sumus
1576 1319 1641 1359 eo
1668 1298 1957 1371 disserunt,

111 1392 276 1473 qnod
312 1391 398 1451 hae
433 1396 678 1453 actiones
713 1394 1040 1453 omnimodo
1069 1391 1227 1473 dupli
1268 1402 1428 1464 eunt3
1467 1402 1523 1452 at
1560 1392 1700 1465 illoe,
1742 1392 1801 1452 id
1841 1401 1953 1467 est,

113 1486 372 1546 damni'
359 1490 579 1567 injurioe
608 1508 675 1546 ex
703 1487 826 1569 lege
861 1486 1086 1568 Aquilia
1118 1496 1174 1545 et
1206 1487 1491 1546 interdum
1531 1485 1799 1567 depositi,
1830 1484 1961 1545 infi-

114 1582 362 1641 ciatione
401 1580 797 1662 duplicantur,
841 1584 899 1639 in
942 1580 1301 1641 confitentem
1355 1590 1539 1640 autem
1587 1583 1646 1639 in
1688 1580 1957 1705 simplum

113 1674 350 1734 dantur.

198 1768 311 1828 Sed
337 1766 438 1827 illa
466 1788 590 1849 quoe
627 1768 746 1827 de
731 1770 799 1827 iis
841 1768 1108 1848 competit
1147 1788 1273 1847 quoe
1310 1765 1504 1827 relicta
1542 1765 1956 1827 venerabilibus

113 1861 258 1921 locis
284 1870 444 1933 sunt,
476 1881 593 1920 non
621 1859 805 1920 solum
831 1859 1177 1921 inficiatione
1203 1859 1556 1941 duplicatur,
1588 1859 1685 1920 sed
1712 1861 1881 1919 etiam
1908 1863 1955 1919 ei

111 1953 400 2013 distulerit
427 1952 602 2015 relicti
632 1953 968 2013 solutionem
996 1972 1290 2034 usquequo
1318 1955 1483 2033 jussu
1524 1954 1954 2035 magistratuum

111 2054 446 2105 nostrorum
475 2048 868 2115 conveniatur,
899 2048 957 2105 in
990 2044 1349 2105 confitentem
1376 2066 1539 2118 vero,
1570 2056 1625 2106 et
1651 2055 1954 2127 antequam

99 2144 276 2221 jussu
307 2140 742 2221 magistratuum
767 2140 1134 2200 conveniatur
1160 2139 1491 2216 solventem,
1525 2140 1796 2223 simplum
1820 2138 1951 2201 red-

107 2234 273 2292 ditur
299 2232 410 2313 (3).

193 2338 316 2389 22.
341 2327 481 2386 Item
502 2328 649 2387 actio
665 2325 734 2385 de
760 2346 826 2403 eo
855 2326 1004 2406 quod
1033 2334 1215 2385 metue
1243 2343 1415 2385 causa
1436 2324 1648 2385 factum
1676 2327 1771 2399 eit,
1797 2345 1831 2384 a
1853 2346 1949 2387 ce-

103 2423 252 2483 teris
283 2420 354 2481 de
379 2420 588 2501 quibus
630 2419 798 2480 simul
838 2418 1006 2479 locuti
1045 2437 1243 2478 sumus
1284 2438 1349 2478 eo
1387 2418 1605 2491 differt,
1636 2416 1788 2499 quod
1827 2420 1949 2499 ejus

105 2523 324 2575 natura
345 2516 509 2574 tacite
534 2516 872 2585 continetur,
894 2521 957 2571 nt
984 2514 1078 2593 qui
1095 2511 1301 2592 judicie
1319 2512 1481 2591 jussu
1508 2504 1693 2592 ipsam
1719 2531 1838 2571 rem
1858 2532 1947 2573 ac-
2064 2546 2081 2563 ·

107 2610 224 2669 tori
261 2611 544 2679 restituat,
577 2606 920 2667 absolvatur.
954 2605 1114 2676 Quod
1144 2608 1205 2665 in
1240 2607 1437 2665 ceteris
1469 2604 1692 2665 casibus
1728 2624 1840 2664 non
1869 2608 1948 2669 ita

106 2714 218 2775 est,
246 2702 342 2762 sed
367 2701 689 2761 omnimodo
717 2702 954 2782 quisque
981 2703 1040 2759 in
1069 2700 1453 2781 quadruplum
1479 2700 1889 2761 condemnatur
1927 2724 1940 2759 z

105 2796 268 2878 quod
287 2804 370 2855 est
397 2804 450 2855 et
472 2796 532 2855 in
564 2795 696 2854 furti
723 2794 1004 2855 manifesti
1028 2796 1263 2855 actione.

187 2901 312 2953 DS.
344 2890 642 2949 Actionum
673 2900 860 2949 autem
887 2889 1141 2971 quoedam
1170 2886 1331 2949 honoe
1359 2888 1487 2949 fidei
1505 2898 1666 2960 sunt,
1687 2887 1944 2969 quoedam

107 2986 288 3043 stricti
303 2985 472 3063 juris.
511 2984 678 3043 Bonae
707 2982 833 3041 fidei
863 2994 992 3041 sunt
1019 2982 1134 3041 hae:
1172 3003 1239 3041 ex
1266 2991 1454 3061 empto
1484 2982 1731 3055 vendito,
1762 2981 1940 3042 locato

959 3134 1063 3144 ’.ψ-,-

128 3214 246 3335 ((11)
267 3212 340 3340 ἐ)
348 3210 585 3337 ἶὲἅῐι
539 3217 612 3267 0.,
613 3210 835 3339 42⁶1}qu
838 3228 909 3323 pc
871 3224 926 3261 ea
954 3214 1047 3275 (ιη,
1023 3214 1410 3338 εἾρις-τω)
1393 3212 1445 3263 L.
1471 3218 1519 3273 4,
1546 3219 1619 3273 a,
1648 3212 1719 3259 De
1746 3229 1897 3277 ‚rupo
1825 3222 1897 3258 rue
1900 3215 1931 3264 ι
