2292 3684
353 124 500 166 mar.
530 124 667 165 mer.
712 124 766 165 ι..
798 127 837 181 ι,
866 126 922 167 τ.
951 126 1048 167 xx.
1089 126 1162 167 na
1189 125 1446 169 ΑτιιιΑΝο
1476 124 1718 167 wuronc.
1851 113 1954 167 ⁴09

106 226 269 284 tione
290 244 324 283 a
348 224 629 285 tutoribus
650 222 941 305 exigenda,
968 245 1088 287 rem
1116 225 1332 286 salvam
1351 223 1589 307 pupillis
1610 224 1750 297 fore,
1771 244 1956 305 neque

104 318 179 377 de
232 317 640 399 compellendis
704 316 991 377 tutoribus
1044 318 1114 379 ad
1172 319 1354 381 tutelae
1410 317 1954 379 administrationem

100 413 421 493 quicquam
452 410 768 472 cavebatur.

184 518 261 567 4.
306 505 417 566 Sed
450 504 557 565 hoc
595 506 727 586 jure
770 507 1004 579 utimur,
1048 514 1110 567 ut
1153 508 1345 570 Romae
1387 506 1617 587 quidem
1657 504 1958 589 proel'ectus

100 598 245 659 urbi
294 598 386 659 vel
424 610 630 682 praetor
668 599 980 660 secundum
1022 620 1186 661 suam
1216 600 1698 681 jurisdictionem,
1729 602 1790 659 in
1819 620 1954 683 pro-

96 694 311 754 vinciis
359 704 548 753 autem
591 692 855 774 proesides
898 714 967 754 ex
1006 694 1373 775 inquisitione
1415 704 1628 755 tutores
1669 700 1953 765 crearent,

99 786 187 845 vel
238 787 643 867 magistratus'
620 806 785 865 Jussu
828 786 1166 872 praesidnm
1197 788 1246 847 si
1280 780 1396 847 non
1433 788 1546 847 sint
1583 806 1804 869 magnae
1842 807 1954 869 pn·

105 878 234 961 pilli
263 878 557 940 facultates
587 879 695 961 (l).

186 986 258 1038 ὅ.
290 977 407 1037 Nos
434 985 621 1037 autem
652 996 754 1058 per
779 978 1238 1042 constitutionem
1266 984 1520 1039 nostram
1541 976 1658 1059 (2),
1681 985 1736 1037 et
1755 974 1957 1059 hujus-

94 1070 265 1131 modi
291 1068 651 1130 difficultates
682 1070 981 1131 hominum
1009 1080 1347 1143 resecantes,
1381 1091 1484 1131 nec
1513 1079 1804 1151 expectata
1825 1071 1956 1150 jus·

96 1167 267 1226 sione
296 1163 625 1247 praesidum,
656 1162 1059 1247 disposuimus,
1086 1168 1133 1225 si
1165 1164 1401 1227 facultas
1430 1164 1636 1248 pupilli
1663 1164 1753 1225 vel
1780 1164 1957 1223 adulti

98 1280 290 1341 nsque
318 1258 392 1317 ad
420 1260 761 1339 quingentos
793 1256 1005 1319 solidos
1040 1258 1241 1332 valeat,
1281 1258 1604 1325 defensores
1639 1260 1950 1329 civitatum,

100 1375 225 1413 una
252 1373 388 1415 cum
418 1352 672 1433 ejusdem
700 1354 937 1411 civitatis
956 1350 1384 1433 religiosissimo
1412 1354 1675 1425 antistite,
1701 1351 1788 1413 vel
1816 1350 1956 1411 alias

106 1445 368 1527 publicas
423 1465 727 1527 personas,
785 1443 843 1504 id
888 1454 1003 1518 est,
1054 1446 1449 1527 magistratus,
1503 1445 1589 1506 vel
1639 1445 1955 1527 juridicum

102 1537 502 1601 Alexandriam
545 1538 809 1611 civitatis,
855 1548 1065 1602 tutores
1100 1536 1190 1600 vel
1225 1550 1515 1627 curatores
1554 1560 1776 1612 creare,
1812 1539 1955 1621 legi-

100 1634 241 1693 tima
292 1631 515 1693 cautela
568 1629 879 1693 secundum
929 1633 1184 1715 ejusdem
1229 1636 1640 1695 constitutionis
1689 1654 1952 1694 normam

100 1724 458 1808 praetendit,
482 1725 742 1787 videlicet
768 1746 966 1787 eorum
995 1726 1249 1809 periculo
1277 1729 1373 1813 qui
1405 1747 1532 1791 eam
1559 1729 1859 1811 accipiunt.

189 2785 255 2837 ⁸.
298 2772 638 2857 impuberes
678 2780 868 2835 autem
902 2776 962 2835 in
1004 2775 1177 2836 tutela
1221 2730 1342 2837 esse
1380 2775 1630 2839 naturali
1661 2777 1780 2857 juri
1810 2796 1952 2837 con-

108 2870 341 2929 veniens
369 2876 481 2939 est,
514 2876 577 2928 ut
612 2869 662 2927 is
688 2869 787 2949 qui
819 2866 1079 2950 perfectae
1108 2870 1283 2930 oetatis
1317 2888 1436 2929 non
1466 2872 1566 2943 sit,
1597 2868 1826 2929 alterius
1860 2874 1952 2929 tii-

112 2960 217 3022 tela
244 2971 499 3044 regatur.

172 3206 564 3269 (1)V.Va1eu't.,
596 3204 691 3253 The
690 3208 1041 3269 meleth-ccl
1064 3210 1186 3267 1,.1,
1212 3210 1286 3267 G„
1315 3207 1592 3259 Detnuillt
1593 3218 1690 3257 eser.
1717 3222 1936 3272 personat·

115 3270 1388 3345 (v,.‚33.)b2(5.,Qndm1ttffic(vd)

172 3335 524 3400 (2)L.,.‚300
541 3304 771 3395 ’Deepisc-
796 3336 1103 3397 aau.‚1(14).

1635 3410 1672 3458 7
