2292 3684
150 103 327 147 suas.
358 104 517 147 rus-r.
558 104 615 147 ι..
644 104 735 159 ιιι,
774 106 827 147 r.
856 104 897 147 ι.
938 106 1013 149 os
1036 104 1306 151 ιιιιιιιιιιτ.
1331 104 1406 151 Αιι
1427 104 1755 151 musmo.
1848 94 1952 151 303

158 221 291 271 1-1.
328 208 451 269 Sed
493 228 563 269 ea
603 212 797 269 omnia
832 211 1152 292 antiquitati
1192 210 1419 291 quidem
1461 207 1822 291 placuerunt,
1855 208 1954 269 ali-

70 324 265 385 quam
298 314 505 363 autem
530 301 980 365 emendationem
1008 324 1042 363 a
1068 314 1262 363 nostra
1285 304 1682 365 constitutione
1699 304 1782 382 (l)
1805 321 1954 361 acce-

72 404 339 475 perunt,
384 415 567 476 quam
600 414 772 475 super
796 395 888 455 his
913 399 1170 476 personis
1210 398 1504 478 posuimus
1537 414 1664 475 quas
1701 415 1736 454 a
1773 397 1954 475 patri-

70 490 193 549 bus
218 491 355 549 suis
380 487 749 549 naturalibus
766 492 825 548 in
846 489 1205 571 adoptionem
1234 490 1358 551 aliis
1381 490 1602 549 dantur.
1631 490 1952 549 Invenimus

74 584 309 641 etenim
346 579 669 641 nonnullos
694 600 887 654 casus,
920 583 979 639 in
1008 579 1218 662 quibus
1247 582 1348 640 lilii
1381 590 1436 640 et
1464 579 1811 640 naturalium
1843 599 1950 660 ps-

76 677 351 735 rentinm
385 674 801 735 successionem
832 683 1064 755 propter
1090 673 1450 754 adoptionem
1482 670 1843 743 amittebant,
1875 680 1949 743 et,

80 768 415 849 adoptione
451 765 621 827 facile
656 786 762 847 per
797 768 1308 847 emancipationem
1345 766 1554 837 soluta,
1586 763 1656 824 ad
1696 765 1950 824 neutrius

80 863 273 941 patris
317 860 743 920 successionem
787 858 1150 919 vocabantur.
1196 859 1314 918 Hoc
1355 852 1520 917 solito
1571 877 1729 917 more
1767 858 1950 916 corri-

82 961 323 1032 gentes,
359 952 821 1010 constitutionem
850 952 1209 1031 scripsimus,
1239 970 1342 1033 per
1367 970 1540 1031 quam
1563 948 1942 1019 delinivimus,

88 1044 335 1125 quando
366 1060 579 1124 parens
608 1041 881 1102 naturalis
908 1042 1090 1103 filium
1119 1064 1288 1104 suum
1317 1042 1704 1125 adoptandum
1731 1040 1827 1101 alii
1855 1041 1949 1101 de-

86 1139 263 1209 derit,
296 1139 533 1217 integra
560 1136 752 1196 omnia
775 1137 903 1215 jura
930 1138 1009 1195 ita
1036 1140 1248 1196 servari
1278 1144 1444 1218 atque
1475 1138 1522 1196 si
1549 1138 1608 1196 in
1639 1137 1814 1217 patris
1843 1154 1948 1193 na-

86 1228 299 1290 taralis
330 1237 615 1311 potestate
644 1230 1075 1309 permansisset,
1108 1250 1213 1290 nec
1241 1231 1467 1311 penitus
1496 1228 1720 1309 adoptio
1751 1228 1950 1287 suisset

90 1324 443 1392 subsecuta,
482 1326 592 1383 nisi
620 1326 679 1383 in
710 1322 819 1385 hoc
850 1325 1244 1385 tantummodo
1269 1346 1402 1385 casu
1439 1334 1500 1385 ut
1533 1326 1710 1407 possit
1741 1324 1816 1383 ab
1852 1325 1946 1381 in-

92 1428 297 1479 testato
330 1416 409 1477 ad
440 1419 619 1497 patris
644 1417 889 1497 adoptivi
915 1420 1108 1479 venire
1131 1420 1560 1479 successionem.
1592 1418 1948 1477 Testamento

98 1522 289 1571 autem
314 1511 396 1570 ab
422 1528 493 1569 eo
518 1510 695 1582 facto,
728 1530 913 1591 neque
928 1513 1059 1590 jure
1088 1510 1233 1571 civili
1252 1556 1268 1581 ,
1301 1531 1486 1591 neque
1515 1512 1774 1589 praetorio
1793 1554 1808 1579 ,
1842 1507 1945 1568 ali·

96 1604 233 1684 qnid
268 1622 345 1663 ex
382 1601 698 1661 hereditate
727 1603 849 1682 ejus
876 1606 1140 1683 persequi
1170 1612 1354 1684 potest
1372 1648 1386 1673 ,
1417 1622 1602 1683 neque
1631 1610 1828 1661 contra
1855 1609 1946 1659 ta-

96 1696 263 1757 bulas
288 1696 587 1756 bonorum
616 1698 969 1775 possessione
1002 1699 1225 1778 agnita,
1264 1716 1448 1777 neque
1477 1695 1776 1755 inofliciosi
1801 1714 1946 1775 que-

101 1789 216 1849 rela
242 1791 525 1863 instituta,
550 1809 683 1848 cum
709 1808 813 1847 nec
842 1793 1141 1849 necessitas
1171 1792 1318 1869 patri
1348 1790 1608 1869 adoptivo
1633 1788 1947 1868 imponitur

104 1884 187 1944 vel
206 1884 487 1945 heredem
504 1904 639 1945 sum
656 1886 969 1956 instituere,
986 1883 1075 1944 vel
1094 1883 1494 1943 exheredatum
1513 1883 1716 1953 facere,
1731 1890 1942 1962 utpote

108 1977 257 2037 nullo
292 1976 526 2038 vinculo
560 1976 807 2037 naturali
842 1976 1198 2058 copulatum,
1231 1998 1414 2057 neque
1447 1978 1492 2035 si
1527 1997 1593 2036 ex
1631 1974 1942 2035 Sabiniano

108 2070 593 2132 senatusconsulto
630 2090 699 2131 ex
735 2070 915 2129 tribus
954 2070 1209 2129 maribus
1241 2070 1410 2131 suerit
1437 2072 1764 2149 adoptatus;
1805 2088 1942 2128 nam

110 2176 155 2224 et
186 2168 245 2225 iu
282 2164 619 2245 hujusmodi
656 2185 821 2237 casn,
852 2185 1034 2245 neque
1064 2173 1268 2245 quarta
1295 2166 1346 2223 ei
1375 2172 1660 2233 servatur,
1695 2182 1798 2222 uec
1825 2161 1942 2222 ulla

106 2260 239 2317 actio
278 2258 355 2316 ad
398 2259 521 2337 ejus
570 2259 1019 2338 persecutionem
1064 2260 1113 2317 ei
1161 2262 1448 2338 competit.
1500 2258 1704 2315 Nostra
1750 2264 1938 2315 autem

110 2352 499 2411 constitutione
523 2358 789 2430 exceptus
816 2359 899 2410 est
926 2354 975 2410 is
1003 2372 1172 2430 quem
1199 2372 1407 2433 parens
1443 2349 1718 2411 naturalis
1756 2349 1938 2429 adop-

110 2447 337 2505 tandum
366 2446 703 2525 susceperit;
730 2452 967 2525 utroque
991 2446 1145 2503 enim
1168 2445 1328 2524 jure,
1349 2455 1466 2503 tam
1493 2443 1741 2503 naturali
1764 2464 1936 2523 quam

109 2538 383 2620 legitimo,
432 2538 493 2595 in
538 2536 691 2596 hanc
736 2556 1037 2645 personam
1085 2547 1484 2609 concurrente,
1529 2540 1765 2618 pristina
1803 2540 1938 2618 jura

114 2634 199 2691 tali
227 2631 520 2710 adoptioni
548 2632 923 2703 servavimus,
950 2630 1428 2711 quemadmodum
1458 2634 1504 2692 si
1533 2631 1940 2713 paterfamilias

47 2293 60 2802 i
116 2746 167 2785 se
199 2724 415 2784 dederit
454 2723 897 2807 adrogantium.
927 2745 1051 2805 quoe
1088 2726 1407 2807 specialiter
1441 2735 1497 2787 et
1539 2726 1828 2809 sigillatim
1867 2747 1936 2789 ex

52 2862 1924 3591 'mm
118 2818 345 2897 prael'atae
374 2817 793 2877 constitutionis
822 2826 1015 2878 tenore
1046 2829 1284 2897 possunt
1309 2819 1526 2901 colligi.

191 2922 299 2972 15.
321 2912 462 2970 ltem
486 2916 753 2979 vetustas,
782 2929 849 2969 ex
872 2910 1139 2970 masculis
1163 2913 1486 2991 progenitos
1511 2910 1642 2992 plus
1669 2910 1930 2993 diligens,

120 3005 253 3066 solos
294 3014 527 3087 nepotes
565 3006 669 3085 qui
706 3024 773 3065 ex
808 3006 957 3063 virili
993 3026 1127 3065 sexu
1169 3006 1546 3079 descendunt,
1583 3005 1654 3065 ad
1699 3026 1932 3069 suorum

120 3100 331 3161 vocabat
370 3100 815 3171 successionem,
867 3106 920 3157 et
962 3100 1083 3179 juri
1130 3098 1504 3206 adgnatorum
1553 3119 1650 3161 eos
1693 3107 1934 3181 antepod-

174 3298 948 3365 (1)1..10‚pr.,et§§1‚22cs,
976 3300 1139 3360 c.‚D
1117 3302 1422 3367 adopem(
1390 3316 1460 3359 ιι,ι
1491 3301 1590 3367 ss).
