<?xml version="1.0" encoding="UTF-8"?>
<!DOCTYPE html PUBLIC "-//W3C//DTD XHTML 1.0 Transitional//EN"
    "http://www.w3.org/TR/xhtml1/DTD/xhtml1-transitional.dtd">
<html xmlns="http://www.w3.org/1999/xhtml" xml:lang="en" lang="en">
 <head>
  <title>
</title>
<meta http-equiv="Content-Type" content="text/html;charset=utf-8" />
  <meta name='ocr-system' content='tesseract 3.04.00' />
  <meta name='ocr-capabilities' content='ocr_page ocr_carea ocr_par ocr_line ocrx_word'/>
</head>
<body>
  <div class='ocr_page' id='page_1' title='image "./manualejurissyn00paulgoog_0443.png"; bbox 0 0 2292 3684; ppageno 0'>
   <div class='ocr_carea' id='block_1_1' title="bbox 269 84 1987 149">
    <p class='ocr_par' dir='ltr' id='par_1_1' title="bbox 269 84 1987 149">
     <span class='ocr_line' id='line_1_1' title="bbox 269 84 1987 149; baseline 0.003 -16"><span class='ocrx_word' id='word_1_1' title='bbox 269 93 590 133; x_wconf 53' lang='lat' dir='ltr'><strong>susi-‚1³52</strong></span> <span class='ocrx_word' id='word_1_2' title='bbox 634 96 684 134; x_wconf 81' lang='grc' dir='ltr'><strong>ι.</strong></span> <span class='ocrx_word' id='word_1_3' title='bbox 723 96 811 149; x_wconf 79' lang='grc' dir='ltr'><strong>ιιι,</strong></span> <span class='ocrx_word' id='word_1_4' title='bbox 851 96 900 135; x_wconf 82' lang='grc' dir='ltr'><strong>τ.</strong></span> <span class='ocrx_word' id='word_1_5' title='bbox 935 94 1057 149; x_wconf 65' lang='lat' dir='ltr'><strong>xix.</strong></span> <span class='ocrx_word' id='word_1_6' title='bbox 1097 96 1171 135; x_wconf 75' lang='lat' dir='ltr'><strong>ne</strong></span> <span class='ocrx_word' id='word_1_7' title='bbox 1200 95 1515 137; x_wconf 63' lang='lat' dir='ltr'><strong>manutius</strong></span> <span class='ocrx_word' id='word_1_8' title='bbox 1544 96 1823 139; x_wconf 74' lang='lat' dir='ltr'><strong>sTtPULAT.</strong></span> <span class='ocrx_word' id='word_1_9' title='bbox 1886 84 1987 139; x_wconf 71' lang='lat'><strong>453</strong></span> 
     </span>
    </p>
   </div>
   <div class='ocr_carea' id='block_1_2' title="bbox 148 194 1997 1293">
    <p class='ocr_par' dir='ltr' id='par_1_2' title="bbox 155 194 1987 368">
     <span class='ocr_line' id='line_1_2' title="bbox 155 194 1987 278; baseline 0.002 -27"><span class='ocrx_word' id='word_1_10' title='bbox 155 214 266 273; x_wconf 87' lang='lat' dir='ltr'><strong>que</strong></span> <span class='ocrx_word' id='word_1_11' title='bbox 285 195 440 253; x_wconf 87' lang='lat' dir='ltr'><strong>enim</strong></span> <span class='ocrx_word' id='word_1_12' title='bbox 463 215 690 255; x_wconf 85' lang='lat' dir='ltr'><strong>necesse</strong></span> <span class='ocrx_word' id='word_1_13' title='bbox 717 206 801 255; x_wconf 86' lang='lat' dir='ltr'><strong>est</strong></span> <span class='ocrx_word' id='word_1_14' title='bbox 836 198 893 255; x_wconf 90' lang='lat' dir='ltr'><strong>in</strong></span> <span class='ocrx_word' id='word_1_15' title='bbox 923 194 1317 278; x_wconf 84' lang='lat' dir='ltr'><strong>respondendo</strong></span> <span class='ocrx_word' id='word_1_16' title='bbox 1340 195 1535 257; x_wconf 81' lang='lat' dir='ltr'><strong>eadem</strong></span> <span class='ocrx_word' id='word_1_17' title='bbox 1567 198 1758 255; x_wconf 76' lang='lat' dir='ltr'><strong>omnia</strong></span> <span class='ocrx_word' id='word_1_18' title='bbox 1791 198 1987 276; x_wconf 84' lang='lat' dir='ltr'><strong>repeti,</strong></span> 
     </span>
     <span class='ocr_line' id='line_1_3' title="bbox 157 286 986 368; baseline 0.004 -23"><span class='ocrx_word' id='word_1_19' title='bbox 157 308 282 367; x_wconf 78' lang='lat' dir='ltr'><strong>quae</strong></span> <span class='ocrx_word' id='word_1_20' title='bbox 313 286 615 368; x_wconf 72' lang='lat' dir='ltr'>stipulator</span> <span class='ocrx_word' id='word_1_21' title='bbox 641 292 986 368; x_wconf 78' lang='lat' dir='ltr'><strong>expresserit.</strong></span> 
     </span>
    </p>

    <p class='ocr_par' dir='ltr' id='par_1_3' title="bbox 151 376 1993 810">
     <span class='ocr_line' id='line_1_4' title="bbox 237 376 1993 461; baseline 0.001 -23"><span class='ocrx_word' id='word_1_22' title='bbox 237 390 305 439; x_wconf 75' lang='lat' dir='ltr'><strong>o.</strong></span> <span class='ocrx_word' id='word_1_23' title='bbox 349 378 487 438; x_wconf 82' lang='lat' dir='ltr'><strong>Item</strong></span> <span class='ocrx_word' id='word_1_24' title='bbox 527 380 742 439; x_wconf 83' lang='lat' dir='ltr'><strong>inutilis</strong></span> <span class='ocrx_word' id='word_1_25' title='bbox 782 390 864 439; x_wconf 85' lang='lat' dir='ltr'><strong>est</strong></span> <span class='ocrx_word' id='word_1_26' title='bbox 901 377 1217 460; x_wconf 79' lang='lat' dir='ltr'><strong>stipulatio,</strong></span> <span class='ocrx_word' id='word_1_27' title='bbox 1260 380 1307 439; x_wconf 81' lang='lat' dir='ltr'><strong>si</strong></span> <span class='ocrx_word' id='word_1_28' title='bbox 1345 377 1417 438; x_wconf 76' lang='lat' dir='ltr'><strong>ab</strong></span> <span class='ocrx_word' id='word_1_29' title='bbox 1461 400 1526 440; x_wconf 92' lang='lat' dir='ltr'><strong>eo</strong></span> <span class='ocrx_word' id='word_1_30' title='bbox 1567 376 1853 460; x_wconf 82' lang='lat' dir='ltr'><strong>stipuleris</strong></span> <span class='ocrx_word' id='word_1_31' title='bbox 1894 381 1993 461; x_wconf 87' lang='lat' dir='ltr'><strong>qui</strong></span> 
     </span>
     <span class='ocr_line' id='line_1_5' title="bbox 153 470 1992 551; baseline 0.002 -23"><span class='ocrx_word' id='word_1_32' title='bbox 153 474 394 547; x_wconf 85' lang='lat' dir='ltr'><strong>tqu&#39;uri</strong></span> <span class='ocrx_word' id='word_1_33' title='bbox 431 473 715 551; x_wconf 82' lang='lat' dir='ltr'><strong>subjectus</strong></span> <span class='ocrx_word' id='word_1_34' title='bbox 745 482 850 545; x_wconf 79' lang='lat' dir='ltr'><strong>est,</strong></span> <span class='ocrx_word' id='word_1_35' title='bbox 889 471 976 531; x_wconf 85' lang='lat' dir='ltr'><strong>vel</strong></span> <span class='ocrx_word' id='word_1_36' title='bbox 1003 473 1050 529; x_wconf 83' lang='lat' dir='ltr'><strong>si</strong></span> <span class='ocrx_word' id='word_1_37' title='bbox 1083 474 1129 530; x_wconf 84' lang='lat' dir='ltr'><strong>is</strong></span> <span class='ocrx_word' id='word_1_38' title='bbox 1160 491 1194 529; x_wconf 82' lang='lat' dir='ltr'><strong>a</strong></span> <span class='ocrx_word' id='word_1_39' title='bbox 1222 479 1275 529; x_wconf 92' lang='lat' dir='ltr'><strong>te</strong></span> <span class='ocrx_word' id='word_1_40' title='bbox 1303 471 1616 551; x_wconf 75' lang='lat' dir='ltr'><strong>stipuletur.</strong></span> <span class='ocrx_word' id='word_1_41' title='bbox 1662 470 1769 531; x_wconf 85' lang='lat' dir='ltr'><strong>Sed</strong></span> <span class='ocrx_word' id='word_1_42' title='bbox 1801 492 1992 531; x_wconf 78' lang='lat' dir='ltr'><strong>servus</strong></span> 
     </span>
     <span class='ocr_line' id='line_1_6' title="bbox 153 562 1993 644; baseline -0.001 -22"><span class='ocrx_word' id='word_1_43' title='bbox 153 563 420 643; x_wconf 85' lang='lat' dir='ltr'><strong>quidem,</strong></span> <span class='ocrx_word' id='word_1_44' title='bbox 464 583 576 623; x_wconf 88' lang='lat' dir='ltr'><strong>non</strong></span> <span class='ocrx_word' id='word_1_45' title='bbox 615 563 798 623; x_wconf 89' lang='lat' dir='ltr'><strong>solum</strong></span> <span class='ocrx_word' id='word_1_46' title='bbox 828 565 1057 623; x_wconf 88' lang='lat' dir='ltr'><strong>domino</strong></span> <span class='ocrx_word' id='word_1_47' title='bbox 1085 583 1189 623; x_wconf 84' lang='lat' dir='ltr'><strong>suo</strong></span> <span class='ocrx_word' id='word_1_48' title='bbox 1215 562 1455 643; x_wconf 80' lang='lat' dir='ltr'><strong>obligari</strong></span> <span class='ocrx_word' id='word_1_49' title='bbox 1494 584 1609 621; x_wconf 86' lang='lat' dir='ltr'><strong>non</strong></span> <span class='ocrx_word' id='word_1_50' title='bbox 1649 573 1855 644; x_wconf 85' lang='lat' dir='ltr'><strong>potest,</strong></span> <span class='ocrx_word' id='word_1_51' title='bbox 1896 564 1993 623; x_wconf 79' lang='lat' dir='ltr'><strong>sed</strong></span> 
     </span>
     <span class='ocr_line' id='line_1_7' title="bbox 151 648 1991 738; baseline 0 -23"><span class='ocrx_word' id='word_1_52' title='bbox 151 676 228 715; x_wconf 83' lang='lat' dir='ltr'><strong>ne</strong></span> <span class='ocrx_word' id='word_1_53' title='bbox 267 654 369 714; x_wconf 80' lang='lat' dir='ltr'><strong>atii</strong></span> <span class='ocrx_word' id='word_1_54' title='bbox 401 656 630 737; x_wconf 89' lang='lat' dir='ltr'><strong>quidem</strong></span> <span class='ocrx_word' id='word_1_55' title='bbox 655 656 784 726; x_wconf 78' lang='lat' dir='ltr'><strong>ulli3</strong></span> <span class='ocrx_word' id='word_1_56' title='bbox 819 656 916 715; x_wconf 85' lang='lat' dir='ltr'><strong>filii</strong></span> <span class='ocrx_word' id='word_1_57' title='bbox 951 676 1081 716; x_wconf 84' lang='lat' dir='ltr'><strong>vero</strong></span> <span class='ocrx_word' id='word_1_58' title='bbox 1121 648 1367 715; x_wconf 76' lang='lat' dir='ltr'><strong>familias</strong></span> <span class='ocrx_word' id='word_1_59' title='bbox 1406 656 1530 715; x_wconf 79' lang='lat' dir='ltr'><strong>aliis</strong></span> <span class='ocrx_word' id='word_1_60' title='bbox 1568 657 1809 738; x_wconf 77' lang='lat' dir='ltr'><strong>obligari</strong></span> <span class='ocrx_word' id='word_1_61' title='bbox 1856 677 1991 737; x_wconf 88' lang='lat' dir='ltr'><strong>pos-</strong></span> 
     </span>
     <span class='ocr_line' id='line_1_8' title="bbox 156 748 1464 810; baseline 0.002 -3"><span class='ocrx_word' id='word_1_62' title='bbox 156 757 310 810; x_wconf 57' lang='lat' dir='ltr'><strong>sunt</strong></span> <span class='ocrx_word' id='word_1_63' title='bbox 1460 748 1464 757; x_wconf 83' lang='grc'>’</span> 
     </span>
    </p>

    <p class='ocr_par' dir='ltr' id='par_1_4' title="bbox 148 840 1997 1293">
     <span class='ocr_line' id='line_1_9' title="bbox 235 840 1991 924; baseline 0 -23"><span class='ocrx_word' id='word_1_64' title='bbox 235 852 306 901; x_wconf 68' lang='grc'><strong>’1.</strong></span> <span class='ocrx_word' id='word_1_65' title='bbox 338 842 559 902; x_wconf 80' lang='lat' dir='ltr'><strong>Mutum</strong></span> <span class='ocrx_word' id='word_1_66' title='bbox 589 862 771 923; x_wconf 87' lang='lat' dir='ltr'><strong>neque</strong></span> <span class='ocrx_word' id='word_1_67' title='bbox 801 840 1086 922; x_wconf 77' lang='lat' dir='ltr'><strong>stipulari,</strong></span> <span class='ocrx_word' id='word_1_68' title='bbox 1121 862 1305 923; x_wconf 86' lang='lat' dir='ltr'><strong>neque</strong></span> <span class='ocrx_word' id='word_1_69' title='bbox 1334 844 1659 924; x_wconf 72' lang='lat' dir='ltr'><strong>promittere</strong></span> <span class='ocrx_word' id='word_1_70' title='bbox 1689 862 1853 923; x_wconf 82' lang='lat' dir='ltr'><strong>posse</strong></span> <span class='ocrx_word' id='word_1_71' title='bbox 1882 860 1991 923; x_wconf 75' lang='lat' dir='ltr'><strong>pa-</strong></span> 
     </span>
     <span class='ocr_line' id='line_1_10' title="bbox 148 932 1994 1015; baseline -0.001 -22"><span class='ocrx_word' id='word_1_72' title='bbox 148 934 270 993; x_wconf 81' lang='lat' dir='ltr'><strong>lam</strong></span> <span class='ocrx_word' id='word_1_73' title='bbox 297 944 396 995; x_wconf 86' lang='lat' dir='ltr'><strong>est.</strong></span> <span class='ocrx_word' id='word_1_74' title='bbox 436 932 597 1005; x_wconf 84' lang='lat' dir='ltr'><strong>Quod</strong></span> <span class='ocrx_word' id='word_1_75' title='bbox 627 946 680 995; x_wconf 85' lang='lat' dir='ltr'><strong>et</strong></span> <span class='ocrx_word' id='word_1_76' title='bbox 710 936 966 995; x_wconf 68' lang='lat' dir='ltr'><strong>insui-do</strong></span> <span class='ocrx_word' id='word_1_77' title='bbox 997 944 1284 1015; x_wconf 85' lang='lat' dir='ltr'><strong>receptum</strong></span> <span class='ocrx_word' id='word_1_78' title='bbox 1313 943 1425 1005; x_wconf 85' lang='lat' dir='ltr'><strong>est,</strong></span> <span class='ocrx_word' id='word_1_79' title='bbox 1458 938 1591 1015; x_wconf 80' lang='lat' dir='ltr'><strong>quia</strong></span> <span class='ocrx_word' id='word_1_80' title='bbox 1620 944 1673 994; x_wconf 89' lang='lat' dir='ltr'><strong>et</strong></span> <span class='ocrx_word' id='word_1_81' title='bbox 1700 938 1748 993; x_wconf 85' lang='lat' dir='ltr'><strong>is</strong></span> <span class='ocrx_word' id='word_1_82' title='bbox 1771 937 1865 1015; x_wconf 90' lang='lat' dir='ltr'><strong>qui</strong></span> <span class='ocrx_word' id='word_1_83' title='bbox 1895 936 1994 993; x_wconf 87' lang='lat' dir='ltr'><strong>sti-</strong></span> 
     </span>
     <span class='ocr_line' id='line_1_11' title="bbox 155 1026 1997 1109; baseline -0.001 -23"><span class='ocrx_word' id='word_1_84' title='bbox 155 1026 396 1105; x_wconf 78' lang='lat' dir='ltr'><strong>pulatur</strong></span> <span class='ocrx_word' id='word_1_85' title='bbox 424 1026 595 1087; x_wconf 75' lang='lat' dir='ltr'><strong>verba</strong></span> <span class='ocrx_word' id='word_1_86' title='bbox 634 1030 1006 1108; x_wconf 83' lang='lat' dir='ltr'><strong>promittentis</strong></span> <span class='ocrx_word' id='word_1_87' title='bbox 1031 1072 1048 1098; x_wconf 84' lang='lat'>‚</span> <span class='ocrx_word' id='word_1_88' title='bbox 1083 1036 1136 1085; x_wconf 92' lang='lat' dir='ltr'><strong>et</strong></span> <span class='ocrx_word' id='word_1_89' title='bbox 1172 1029 1221 1086; x_wconf 86' lang='lat' dir='ltr'><strong>is</strong></span> <span class='ocrx_word' id='word_1_90' title='bbox 1258 1030 1355 1107; x_wconf 85' lang='lat' dir='ltr'><strong>qui</strong></span> <span class='ocrx_word' id='word_1_91' title='bbox 1395 1030 1671 1109; x_wconf 87' lang='lat' dir='ltr'><strong>promittit</strong></span> <span class='ocrx_word' id='word_1_92' title='bbox 1695 1027 1867 1086; x_wconf 76' lang='lat' dir='ltr'><strong>verbu</strong></span> <span class='ocrx_word' id='word_1_93' title='bbox 1894 1030 1997 1087; x_wconf 84' lang='lat' dir='ltr'><strong>sti-</strong></span> 
     </span>
     <span class='ocr_line' id='line_1_12' title="bbox 157 1118 1997 1201; baseline 0 -24"><span class='ocrx_word' id='word_1_94' title='bbox 157 1118 418 1198; x_wconf 76' lang='lat' dir='ltr'><strong>palantis</strong></span> <span class='ocrx_word' id='word_1_95' title='bbox 447 1119 642 1181; x_wconf 76' lang='lat' dir='ltr'><strong>audire</strong></span> <span class='ocrx_word' id='word_1_96' title='bbox 677 1120 872 1181; x_wconf 82' lang='lat' dir='ltr'><strong>debet:</strong></span> <span class='ocrx_word' id='word_1_97' title='bbox 913 1120 1064 1180; x_wconf 88' lang='lat' dir='ltr'><strong>unde</strong></span> <span class='ocrx_word' id='word_1_98' title='bbox 1091 1129 1329 1201; x_wconf 76' lang='lat' dir='ltr'><strong>apparet</strong></span> <span class='ocrx_word' id='word_1_99' title='bbox 1362 1140 1479 1180; x_wconf 87' lang='lat' dir='ltr'><strong>non</strong></span> <span class='ocrx_word' id='word_1_100' title='bbox 1508 1120 1575 1179; x_wconf 89' lang='lat' dir='ltr'><strong>de</strong></span> <span class='ocrx_word' id='word_1_101' title='bbox 1606 1138 1672 1179; x_wconf 87' lang='lat' dir='ltr'><strong>eo</strong></span> <span class='ocrx_word' id='word_1_102' title='bbox 1700 1138 1807 1179; x_wconf 87' lang='lat' dir='ltr'><strong>nos</strong></span> <span class='ocrx_word' id='word_1_103' title='bbox 1843 1118 1997 1199; x_wconf 88' lang='lat' dir='ltr'><strong>loqui</strong></span> 
     </span>
     <span class='ocr_line' id='line_1_13' title="bbox 158 1212 1831 1293; baseline 0.002 -23"><span class='ocrx_word' id='word_1_104' title='bbox 158 1216 260 1292; x_wconf 88' lang='lat' dir='ltr'><strong>qui</strong></span> <span class='ocrx_word' id='word_1_105' title='bbox 289 1212 506 1273; x_wconf 81' lang='lat' dir='ltr'><strong>tardius</strong></span> <span class='ocrx_word' id='word_1_106' title='bbox 533 1214 774 1285; x_wconf 76' lang='lat' dir='ltr'><strong>exaudit,</strong></span> <span class='ocrx_word' id='word_1_107' title='bbox 803 1212 902 1273; x_wconf 74' lang='lat' dir='ltr'><strong>sed</strong></span> <span class='ocrx_word' id='word_1_108' title='bbox 931 1213 1000 1272; x_wconf 86' lang='lat' dir='ltr'><strong>de</strong></span> <span class='ocrx_word' id='word_1_109' title='bbox 1027 1230 1095 1273; x_wconf 86' lang='lat' dir='ltr'><strong>eo</strong></span> <span class='ocrx_word' id='word_1_110' title='bbox 1120 1216 1218 1293; x_wconf 88' lang='lat' dir='ltr'><strong>qui</strong></span> <span class='ocrx_word' id='word_1_111' title='bbox 1246 1214 1479 1273; x_wconf 87' lang='lat' dir='ltr'><strong>omnino</strong></span> <span class='ocrx_word' id='word_1_112' title='bbox 1512 1233 1627 1273; x_wconf 87' lang='lat' dir='ltr'><strong>non</strong></span> <span class='ocrx_word' id='word_1_113' title='bbox 1659 1212 1831 1273; x_wconf 82' lang='lat' dir='ltr'><strong>audit.</strong></span> 
     </span>
    </p>
   </div>
   <div class='ocr_carea' id='block_1_3' title="bbox 161 1561 1993 1741">
    <p class='ocr_par' dir='ltr' id='par_1_5' title="bbox 161 1561 1993 1741">
     <span class='ocr_line' id='line_1_14' title="bbox 240 1561 1993 1645; baseline -0.003 -19"><span class='ocrx_word' id='word_1_114' title='bbox 240 1575 312 1627; x_wconf 72' lang='lat' dir='ltr'><strong>S.</strong></span> <span class='ocrx_word' id='word_1_115' title='bbox 353 1566 622 1624; x_wconf 85' lang='lat' dir='ltr'><strong>Furiosus</strong></span> <span class='ocrx_word' id='word_1_116' title='bbox 651 1561 872 1623; x_wconf 87' lang='lat' dir='ltr'><strong>nullum</strong></span> <span class='ocrx_word' id='word_1_117' title='bbox 910 1563 1194 1645; x_wconf 80' lang='lat' dir='ltr'><strong>negotium</strong></span> <span class='ocrx_word' id='word_1_118' title='bbox 1224 1582 1420 1645; x_wconf 76' lang='lat' dir='ltr'><strong>gerere</strong></span> <span class='ocrx_word' id='word_1_119' title='bbox 1450 1572 1662 1645; x_wconf 86' lang='lat' dir='ltr'><strong>potest,</strong></span> <span class='ocrx_word' id='word_1_120' title='bbox 1709 1564 1843 1644; x_wconf 76' lang='lat' dir='ltr'><strong>quia</strong></span> <span class='ocrx_word' id='word_1_121' title='bbox 1880 1581 1993 1621; x_wconf 87' lang='lat' dir='ltr'><strong>non</strong></span> 
     </span>
     <span class='ocr_line' id='line_1_15' title="bbox 161 1655 752 1741; baseline 0 -24"><span class='ocrx_word' id='word_1_122' title='bbox 161 1656 430 1741; x_wconf 80' lang='lat' dir='ltr'><strong>intelligit</strong></span> <span class='ocrx_word' id='word_1_123' title='bbox 450 1655 591 1739; x_wconf 78' lang='lat' dir='ltr'><strong>quid</strong></span> <span class='ocrx_word' id='word_1_124' title='bbox 622 1660 752 1739; x_wconf 77' lang='lat' dir='ltr'><strong>agit.</strong></span> 
     </span>
    </p>
   </div>
   <div class='ocr_carea' id='block_1_4' title="bbox 157 1955 1998 2877">
    <p class='ocr_par' dir='ltr' id='par_1_6' title="bbox 157 1955 1998 2314">
     <span class='ocr_line' id='line_1_16' title="bbox 239 1955 1989 2037; baseline -0.004 -18"><span class='ocrx_word' id='word_1_125' title='bbox 239 1969 308 2019; x_wconf 66' lang='grc' dir='ltr'><strong>θ.</strong></span> <span class='ocrx_word' id='word_1_126' title='bbox 340 1955 596 2037; x_wconf 81' lang='lat' dir='ltr'><strong>Pupillus</strong></span> <span class='ocrx_word' id='word_1_127' title='bbox 634 1975 802 2037; x_wconf 85' lang='lat' dir='ltr'><strong>omne</strong></span> <span class='ocrx_word' id='word_1_128' title='bbox 842 1957 1126 2037; x_wconf 77' lang='lat' dir='ltr'><strong>negotium</strong></span> <span class='ocrx_word' id='word_1_129' title='bbox 1164 1965 1309 2016; x_wconf 89' lang='lat' dir='ltr'><strong>recte</strong></span> <span class='ocrx_word' id='word_1_130' title='bbox 1349 1956 1519 2035; x_wconf 78' lang='lat' dir='ltr'><strong>gerit,</strong></span> <span class='ocrx_word' id='word_1_131' title='bbox 1560 1957 1636 2013; x_wconf 81' lang='lat' dir='ltr'><strong>ita</strong></span> <span class='ocrx_word' id='word_1_132' title='bbox 1678 1963 1863 2015; x_wconf 77' lang='lat' dir='ltr'><strong>temen</strong></span> <span class='ocrx_word' id='word_1_133' title='bbox 1902 1965 1989 2023; x_wconf 86' lang='lat' dir='ltr'><strong>ut,</strong></span> 
     </span>
     <span class='ocr_line' id='line_1_17' title="bbox 163 2031 1992 2121; baseline -0.002 -10"><span class='ocrx_word' id='word_1_134' title='bbox 163 2050 348 2111; x_wconf 79' lang='lat' dir='ltr'><strong>sicubi</strong></span> <span class='ocrx_word' id='word_1_135' title='bbox 385 2050 584 2109; x_wconf 85' lang='lat' dir='ltr'><strong>tutoris</strong></span> <span class='ocrx_word' id='word_1_136' title='bbox 627 2031 924 2107; x_wconf 79' lang='lat' dir='ltr'><strong>auctoritas</strong></span> <span class='ocrx_word' id='word_1_137' title='bbox 962 2050 1276 2107; x_wconf 82' lang='lat' dir='ltr'><strong>necessaria</strong></span> <span class='ocrx_word' id='word_1_138' title='bbox 1313 2049 1413 2119; x_wconf 88' lang='lat' dir='ltr'><strong>sit,</strong></span> <span class='ocrx_word' id='word_1_139' title='bbox 1454 2044 1787 2107; x_wconf 80' lang='lat' dir='ltr'><strong>adhibeatur</strong></span> <span class='ocrx_word' id='word_1_140' title='bbox 1824 2057 1992 2121; x_wconf 87' lang='lat' dir='ltr'><strong>tutor,</strong></span> 
     </span>
     <span class='ocr_line' id='line_1_18' title="bbox 157 2141 1998 2224; baseline -0.003 -18"><span class='ocrx_word' id='word_1_141' title='bbox 157 2146 336 2207; x_wconf 81' lang='lat' dir='ltr'><strong>veluti</strong></span> <span class='ocrx_word' id='word_1_142' title='bbox 363 2146 412 2204; x_wconf 81' lang='lat' dir='ltr'><strong>si</strong></span> <span class='ocrx_word' id='word_1_143' title='bbox 438 2146 560 2222; x_wconf 85' lang='lat' dir='ltr'><strong>ipse</strong></span> <span class='ocrx_word' id='word_1_144' title='bbox 584 2142 896 2224; x_wconf 79' lang='lat' dir='ltr'><strong>obligetur:</strong></span> <span class='ocrx_word' id='word_1_145' title='bbox 921 2164 1052 2201; x_wconf 78' lang='lat' dir='ltr'><strong>nam</strong></span> <span class='ocrx_word' id='word_1_146' title='bbox 1081 2141 1255 2201; x_wconf 79' lang='lat' dir='ltr'><strong>alium</strong></span> <span class='ocrx_word' id='word_1_147' title='bbox 1276 2142 1382 2202; x_wconf 86' lang='lat' dir='ltr'><strong>sibi</strong></span> <span class='ocrx_word' id='word_1_148' title='bbox 1409 2142 1660 2223; x_wconf 78' lang='lat' dir='ltr'><strong>obligare</strong></span> <span class='ocrx_word' id='word_1_149' title='bbox 1680 2144 1847 2201; x_wconf 85' lang='lat' dir='ltr'><strong>etiam</strong></span> <span class='ocrx_word' id='word_1_150' title='bbox 1876 2143 1998 2201; x_wconf 88' lang='lat' dir='ltr'><strong>sine</strong></span> 
     </span>
     <span class='ocr_line' id='line_1_19' title="bbox 159 2238 950 2314; baseline -0.004 -17"><span class='ocrx_word' id='word_1_151' title='bbox 159 2240 367 2298; x_wconf 82' lang='lat' dir='ltr'><strong>tutoris</strong></span> <span class='ocrx_word' id='word_1_152' title='bbox 396 2238 725 2296; x_wconf 77' lang='lat' dir='ltr'><strong>auctoritate</strong></span> <span class='ocrx_word' id='word_1_153' title='bbox 754 2245 950 2314; x_wconf 83' lang='lat' dir='ltr'><strong>potest.</strong></span> 
     </span>
    </p>

    <p class='ocr_par' dir='ltr' id='par_1_7' title="bbox 163 2326 1997 2877">
     <span class='ocr_line' id='line_1_20' title="bbox 247 2326 1996 2409; baseline -0.001 -21"><span class='ocrx_word' id='word_1_154' title='bbox 247 2341 365 2391; x_wconf 77' lang='lat' dir='ltr'><strong>lo.</strong></span> <span class='ocrx_word' id='word_1_155' title='bbox 408 2328 513 2388; x_wconf 86' lang='lat' dir='ltr'><strong>Sed</strong></span> <span class='ocrx_word' id='word_1_156' title='bbox 542 2328 692 2408; x_wconf 88' lang='lat' dir='ltr'><strong>quod</strong></span> <span class='ocrx_word' id='word_1_157' title='bbox 720 2328 963 2387; x_wconf 77' lang='lat' dir='ltr'><strong>diximus</strong></span> <span class='ocrx_word' id='word_1_158' title='bbox 997 2326 1065 2387; x_wconf 89' lang='lat' dir='ltr'><strong>de</strong></span> <span class='ocrx_word' id='word_1_159' title='bbox 1097 2326 1353 2407; x_wconf 76' lang='lat' dir='ltr'><strong>pupillis,</strong></span> <span class='ocrx_word' id='word_1_160' title='bbox 1388 2328 1578 2409; x_wconf 89' lang='lat' dir='ltr'><strong>utique</strong></span> <span class='ocrx_word' id='word_1_161' title='bbox 1608 2326 1717 2387; x_wconf 86' lang='lat' dir='ltr'><strong>de‘</strong></span> <span class='ocrx_word' id='word_1_162' title='bbox 1703 2328 1772 2386; x_wconf 82' lang='lat' dir='ltr'><strong>iis</strong></span> <span class='ocrx_word' id='word_1_163' title='bbox 1801 2347 1996 2387; x_wconf 80' lang='lat' dir='ltr'><strong>verum</strong></span> 
     </span>
     <span class='ocr_line' id='line_1_21' title="bbox 164 2420 1995 2504; baseline -0.003 -19"><span class='ocrx_word' id='word_1_164' title='bbox 164 2434 246 2485; x_wconf 77' lang='lat' dir='ltr'><strong>est</strong></span> <span class='ocrx_word' id='word_1_165' title='bbox 273 2426 375 2504; x_wconf 88' lang='lat' dir='ltr'><strong>qui</strong></span> <span class='ocrx_word' id='word_1_166' title='bbox 395 2424 516 2501; x_wconf 79' lang='lat' dir='ltr'><strong>jam</strong></span> <span class='ocrx_word' id='word_1_167' title='bbox 540 2423 788 2503; x_wconf 80' lang='lat' dir='ltr'><strong>aliquem</strong></span> <span class='ocrx_word' id='word_1_168' title='bbox 807 2420 1149 2481; x_wconf 84' lang='lat' dir='ltr'><strong>intellectum</strong></span> <span class='ocrx_word' id='word_1_169' title='bbox 1174 2420 1424 2481; x_wconf 78' lang='lat' dir='ltr'><strong>habeut:</strong></span> <span class='ocrx_word' id='word_1_170' title='bbox 1454 2442 1586 2481; x_wconf 80' lang='lat' dir='ltr'><strong>nam</strong></span> <span class='ocrx_word' id='word_1_171' title='bbox 1609 2420 1795 2481; x_wconf 76' lang='lat' dir='ltr'><strong>infans</strong></span> <span class='ocrx_word' id='word_1_172' title='bbox 1818 2433 1872 2482; x_wconf 85' lang='lat' dir='ltr'><strong>et</strong></span> <span class='ocrx_word' id='word_1_173' title='bbox 1898 2422 1995 2502; x_wconf 89' lang='lat' dir='ltr'><strong>qui</strong></span> 
     </span>
     <span class='ocr_line' id='line_1_22' title="bbox 163 2514 1997 2598; baseline -0.004 -19"><span class='ocrx_word' id='word_1_174' title='bbox 163 2519 374 2579; x_wconf 75' lang='lat' dir='ltr'><strong>infanti</strong></span> <span class='ocrx_word' id='word_1_175' title='bbox 402 2518 694 2598; x_wconf 83' lang='lat' dir='ltr'><strong>proximus</strong></span> <span class='ocrx_word' id='word_1_176' title='bbox 720 2524 829 2587; x_wconf 85' lang='lat' dir='ltr'><strong>est,</strong></span> <span class='ocrx_word' id='word_1_177' title='bbox 866 2536 980 2577; x_wconf 90' lang='lat' dir='ltr'><strong>non</strong></span> <span class='ocrx_word' id='word_1_178' title='bbox 1013 2514 1256 2574; x_wconf 85' lang='lat' dir='ltr'><strong>multum</strong></span> <span class='ocrx_word' id='word_1_179' title='bbox 1281 2537 1316 2574; x_wconf 80' lang='lat' dir='ltr'><strong>a</strong></span> <span class='ocrx_word' id='word_1_180' title='bbox 1352 2514 1561 2597; x_wconf 82' lang='lat' dir='ltr'><strong>furioso</strong></span> <span class='ocrx_word' id='word_1_181' title='bbox 1588 2514 1821 2585; x_wconf 81' lang='lat' dir='ltr'><strong>distant,</strong></span> <span class='ocrx_word' id='word_1_182' title='bbox 1863 2517 1997 2596; x_wconf 78' lang='lat' dir='ltr'><strong>quia</strong></span> 
     </span>
     <span class='ocr_line' id='line_1_23' title="bbox 163 2606 1995 2693; baseline -0.005 -19"><span class='ocrx_word' id='word_1_183' title='bbox 163 2613 336 2693; x_wconf 86' lang='lat' dir='ltr'><strong>hujus</strong></span> <span class='ocrx_word' id='word_1_184' title='bbox 380 2612 555 2670; x_wconf 78' lang='lat' dir='ltr'><strong>aetatis</strong></span> <span class='ocrx_word' id='word_1_185' title='bbox 601 2608 803 2689; x_wconf 86' lang='lat' dir='ltr'><strong>pupilli</strong></span> <span class='ocrx_word' id='word_1_186' title='bbox 848 2609 1068 2668; x_wconf 90' lang='lat' dir='ltr'><strong>nullum</strong></span> <span class='ocrx_word' id='word_1_187' title='bbox 1119 2608 1333 2669; x_wconf 79' lang='lat' dir='ltr'><strong>habent</strong></span> <span class='ocrx_word' id='word_1_188' title='bbox 1376 2606 1747 2678; x_wconf 80' lang='lat' dir='ltr'><strong>intellectum3</strong></span> <span class='ocrx_word' id='word_1_189' title='bbox 1792 2608 1891 2667; x_wconf 80' lang='lat' dir='ltr'><strong>sed</strong></span> <span class='ocrx_word' id='word_1_190' title='bbox 1937 2610 1995 2665; x_wconf 91' lang='lat' dir='ltr'><strong>in</strong></span> 
     </span>
     <span class='ocr_line' id='line_1_24' title="bbox 167 2698 1997 2787; baseline -0.003 -24"><span class='ocrx_word' id='word_1_191' title='bbox 167 2724 440 2787; x_wconf 76' lang='lat' dir='ltr'><strong>proximis</strong></span> <span class='ocrx_word' id='word_1_192' title='bbox 461 2701 695 2772; x_wconf 73' lang='lat' dir='ltr'><strong>infanti</strong></span> <span class='ocrx_word' id='word_1_193' title='bbox 719 2710 950 2781; x_wconf 84' lang='lat' dir='ltr'><strong>propter</strong></span> <span class='ocrx_word' id='word_1_194' title='bbox 971 2700 1266 2761; x_wconf 79' lang='lat' dir='ltr'><strong>utilitatem</strong></span> <span class='ocrx_word' id='word_1_195' title='bbox 1288 2721 1513 2771; x_wconf 85' lang='lat' dir='ltr'><strong>eorum,</strong></span> <span class='ocrx_word' id='word_1_196' title='bbox 1535 2698 1873 2783; x_wconf 72' lang='lat' dir='ltr'><strong>benignior</strong></span> <span class='ocrx_word' id='word_1_197' title='bbox 1850 2719 1997 2781; x_wconf 77' lang='lat' dir='ltr'><strong>Jurts</strong></span> 
     </span>
     <span class='ocr_line' id='line_1_25' title="bbox 163 2792 1997 2877; baseline -0.003 -21"><span class='ocrx_word' id='word_1_198' title='bbox 163 2796 555 2877; x_wconf 81' lang='lat' dir='ltr'><strong>interpretatio</strong></span> <span class='ocrx_word' id='word_1_199' title='bbox 584 2794 729 2852; x_wconf 76' lang='lat' dir='ltr'><strong>facta</strong></span> <span class='ocrx_word' id='word_1_200' title='bbox 757 2801 866 2863; x_wconf 80' lang='lat' dir='ltr'><strong>est,</strong></span> <span class='ocrx_word' id='word_1_201' title='bbox 901 2802 962 2851; x_wconf 89' lang='lat' dir='ltr'><strong>ut</strong></span> <span class='ocrx_word' id='word_1_202' title='bbox 989 2792 1183 2855; x_wconf 85' lang='lat' dir='ltr'><strong>idem</strong></span> <span class='ocrx_word' id='word_1_203' title='bbox 1161 2797 1318 2873; x_wconf 60' lang='lat' dir='ltr'><strong>juris</strong></span> <span class='ocrx_word' id='word_1_204' title='bbox 1336 2792 1584 2853; x_wconf 78' lang='lat' dir='ltr'><strong>habeant</strong></span> <span class='ocrx_word' id='word_1_205' title='bbox 1612 2793 1761 2873; x_wconf 88' lang='lat' dir='ltr'><strong>quod</strong></span> <span class='ocrx_word' id='word_1_206' title='bbox 1789 2796 1997 2874; x_wconf 87' lang='lat' dir='ltr'><strong>puber-</strong></span> 
     </span>
    </p>
   </div>
   <div class='ocr_carea' id='block_1_5' title="bbox 163 2885 2128 2972">
    <p class='ocr_par' dir='ltr' id='par_1_8' title="bbox 163 2885 2128 2972">
     <span class='ocr_line' id='line_1_26' title="bbox 163 2885 2128 2972; baseline -0.003 -22"><span class='ocrx_word' id='word_1_207' title='bbox 163 2893 260 2951; x_wconf 77' lang='lat' dir='ltr'><strong>tati</strong></span> <span class='ocrx_word' id='word_1_208' title='bbox 287 2890 554 2972; x_wconf 88' lang='lat' dir='ltr'><strong>proximi.</strong></span> <span class='ocrx_word' id='word_1_209' title='bbox 591 2886 696 2945; x_wconf 87' lang='lat' dir='ltr'><strong>Sed</strong></span> <span class='ocrx_word' id='word_1_210' title='bbox 718 2887 900 2967; x_wconf 84' lang='lat' dir='ltr'><strong>quiin</strong></span> <span class='ocrx_word' id='word_1_211' title='bbox 931 2895 1199 2966; x_wconf 78' lang='lat' dir='ltr'><strong>potestate</strong></span> <span class='ocrx_word' id='word_1_212' title='bbox 1230 2889 1473 2968; x_wconf 80' lang='lat' dir='ltr'><strong>parentis</strong></span> <span class='ocrx_word' id='word_1_213' title='bbox 1498 2894 1579 2945; x_wconf 81' lang='lat' dir='ltr'><strong>est</strong></span> <span class='ocrx_word' id='word_1_214' title='bbox 1600 2885 1893 2967; x_wconf 80' lang='lat' dir='ltr'><strong>impubes,</strong></span> <span class='ocrx_word' id='word_1_215' title='bbox 1926 2904 2001 2945; x_wconf 81' lang='lat' dir='ltr'><strong>no</strong></span> <span class='ocrx_word' id='word_1_216' title='bbox 2122 2893 2128 2902; x_wconf 94' lang='lat'>&#39;</span> 
     </span>
    </p>
   </div>
   <div class='ocr_carea' id='block_1_6' title="bbox 169 2978 1172 3065">
    <p class='ocr_par' dir='ltr' id='par_1_9' title="bbox 169 2978 1172 3065">
     <span class='ocr_line' id='line_1_27' title="bbox 169 2978 1172 3065; baseline -0.003 -22"><span class='ocrx_word' id='word_1_217' title='bbox 169 2995 394 3045; x_wconf 78' lang='lat' dir='ltr'><strong>auctore</strong></span> <span class='ocrx_word' id='word_1_218' title='bbox 421 2981 655 3065; x_wconf 83' lang='lat' dir='ltr'><strong>quidem</strong></span> <span class='ocrx_word' id='word_1_219' title='bbox 687 2990 844 3060; x_wconf 80' lang='lat' dir='ltr'><strong>patre</strong></span> <span class='ocrx_word' id='word_1_220' title='bbox 869 2978 1172 3062; x_wconf 79' lang='lat' dir='ltr'><strong>obligatur.</strong></span> 
     </span>
    </p>
   </div>
  </div>
 </body>
</html>
