2292 3684
104 107 260 149 sus-r.
294 109 436 151 msr.
478 110 621 163 ιω,
662 108 716 149 ·r.
748 107 879 149 vm.
921 108 1076 157 ouis.
1100 108 1287 151 Αιιιικ.
1315 108 1479 149 uca‘r
1503 108 1614 149 var.
1639 108 1776 151 nou.
1816 96 1920 150 ⁴99
1967 108 1980 115 ·

68 210 205 267 dum
232 208 387 269 dotes
415 217 707 269 constante
735 212 1097 270 matrimonio
1120 222 1238 270 non
1267 208 1451 269 solum
1479 220 1788 291 augentur,
1811 209 1909 269 sed

72 303 241 360 etiam
269 301 430 373 flunt,
462 304 543 361 ita
575 312 629 362 et
654 304 771 362 istae
800 303 1129 365 donationes
1161 324 1284 385 quae
1305 312 1540 384 propter
1568 306 1799 385 nuptias
1823 306 1919 363 in-

71 394 337 453 troductoe
364 404 529 477 sunt,
558 415 673 455 non
714 395 901 456 solum
938 396 1275 457 antecedant
1312 398 1776 469 matrimonium,
1822 396 1920 457 sed

70 506 135 545 eo
156 488 329 545 etiam
358 495 647 548 contracto
675 498 991 569 augeantur
1016 498 1072 549 et
1098 490 1531 549 constituantur.

147 592 213 641 4.
248 582 386 641 Erat
412 581 548 641 olim
578 590 633 641 et
660 581 805 642 alius
835 582 1035 643 modus
1072 582 1250 643 civilis
1278 582 1672 663 adquisitionis
1700 602 1806 663 per
1821 584 1918 661 jus

70 674 447 745 adcrescendi,
486 676 637 757 quod
666 686 749 735 est
779 677 887 736 tale
919 700 936 734 ε
970 678 1017 736 s'i
1046 697 1410 737 communem
1439 697 1664 737 servum
1692 676 1917 737 habens

72 768 274 849 aliquis
304 790 437 829 cum
466 771 635 842 Titio,
660 768 813 829 solus
840 769 1157 830 libertatem
1183 772 1234 830 ei
1261 772 1530 852 imposuit
1559 769 1646 829 vel
1675 768 1918 829 vindicta

74 861 161 920 vel
188 871 554 935 testamento,
586 882 655 923 eo
680 882 817 923 casu
844 882 978 944 pars
1006 866 1129 943 ejus
1154 862 1520 923 amittebatur
1549 870 1602 923 et
1631 864 1782 923 socio
1812 860 1918 921 ad-

74 956 381 1015 crescebat.

150 1051 255 1110 Sed
286 1070 421 1110 cnm
448 1052 760 1131 pessimum
789 1050 973 1111 fuerat
1001 1049 1281 1132 exemplo,
1299 1058 1368 1139 ,et
1403 1050 1664 1110 libertate
1693 1068 1918 1111 servum

70 1143 401 1203 defraudari
442 1152 497 1203 et
534 1163 603 1202 ex
640 1164 707 1203 ea
736 1142 1172 1203 humanioribus
1204 1142 1432 1223 quidem
1461 1143 1707 1203 dominis
1751 1142 1918 1203 dam·-

72 1257 203 1297 num
233 1236 470 1308 inferri,
512 1237 891 1297 severioribus
924 1246 1114 1297 autem
1142 1237 1388 1323 dominis
1425 1236 1648 1297 lucrum
1689 1236 1915 1297 adcres-

68 1350 207 1401 cere,
234 1330 370 1403 hoc,
403 1333 565 1411 quasi
593 1330 805 1391 invidia
842 1330 1095 1411 plenum,
1126 1334 1224 1412 pio
1254 1332 1505 1391 remedio
1525 1350 1629 1412 per
1657 1341 1912 1392 nostram

72 1424 533 1483 constitutionem
571 1424 653 1503 (l)
682 1423 895 1483 mederi
922 1426 1303 1483 necessarium
1344 1423 1632 1494 duximns;
1671 1432 1724 1483 et
1751 1426 1913 1483 inve·

72 1518 253 1576 nimus
292 1517 449 1575 viam
484 1537 589 1598 per
626 1537 799 1598 quam
840 1525 895 1577 et
930 1518 1343 1588 manumissor,
1377 1528 1434 1575 et
1460 1519 1644 1576 socius
1673 1518 1827 1596 ejus,
1861 1524 1916 1575 et

72 1611 163 1688 qui
194 1608 523 1669 libertatem
552 1612 787 1689 accepit,
818 1618 1011 1670 nostro
1040 1608 1314 1669 beneficio
1343 1610 1625 1681 fruantur,
1657 1608 1915 1669 libertate

74 1722 195 1761 cum
225 1703 439 1763 effectu
468 1703 829 1784 procedente,
872 1704 1035 1781 cujus
1070 1703 1266 1763 favore
1303 1712 1358 1763 et
1394 1705 1656 1783 antiquos
1683 1701 1914 1784 legisla-

74 1806 213 1857 tores
240 1797 422 1857 multa
451 1799 625 1857 etiam
660 1806 859 1858 contra
886 1818 1218 1865 communes
1248 1796 1473 1877 regulas
1502 1799 1762 1857 statuisse
1789 1817 1914 1856 ma-

76 1893 333 1955 nifestum
364 1903 466 1965 est,
498 1904 555 1953 et
580 1913 649 1954 eo
676 1896 774 1975 qui
802 1914 927 1953 eam
960 1896 1231 1975 imposuit
1255 1914 1370 1955 suoe
1397 1892 1753 1953 liberalitatis
1793 1902 1911 1952 sta·
1945 1884 1952 1897 “
1991 1970 1996 1984 Ι

78 1984 281 2046 bilitate
302 1985 609 2069 gaudente,
636 1996 690 2045 et
713 1988 864 2046 socio
890 1984 1141 2045 indemni
1171 1996 1520 2057 conservato,
1556 1987 1914 2067 pretiumque

75 2080 238 2153 servi,
274 2078 597 2140 secundum
622 2088 845 2161 partem
880 2076 1145 2153 dominii,
1187 2077 1340 2159 qnod
1385 2098 1490 2138 nos
1517 2076 1906 2151 definivimus,

76 2174 396 2255 accipiente.

330 2325 448 2387 Τιτ.
483 2325 625 2386 vm.
656 2322 853 2397 omnus
885 2342 1144 2387 annuant
1181 2340 1332 2385 ucat
1345 2369 1360 2397 ,
1389 2341 1494 2385 vai.
1519 2340 1641 2385 non.

144 2456 364 2519 Accidit
392 2455 699 2541 aliquando
722 2466 786 2517 ut
813 2458 908 2537 qui
938 2454 1202 2517 dominus
1232 2457 1334 2531 sit,
1367 2452 1613 2515 alienare
1635 2472 1750 2515 non
1778 2474 1912 2538 pos·

74 2552 165 2623 sit,
196 2559 252 2611 et
278 2558 502 2625 eontra,
536 2554 637 2633 qni
664 2550 925 2611 dominus
954 2570 1068 2611 non
1100 2553 1190 2625 sit,
1222 2546 1535 2608 alienandae
1558 2549 1636 2608 rei
1666 2558 1911 2631 potesta-

74 2651 178 2701 tem
202 2642 435 2706 habeat.
477 2644 623 2703 Nam
651 2642 836 2704 dotale
879 2643 1153 2725 proedium
1194 2642 1431 2701 maritus
1470 2640 1646 2701 invita
1673 2641 1912 2703 muliere

78 2756 173 2815 per
199 2736 385 2818 legem
414 2735 626 2797 Juliam
657 2736 989 2817 prohibetur
1016 2734 1289 2806 alienare,
1322 2736 1580 2817 quamvis
1607 2736 1784 2817 ipsius
1814 2736 1906 2808 sit,

78 2826 209 2889 dotis
234 2850 411 2890 causa
438 2832 489 2890 ei
515 2828 728 2890 datum.

150 2922 311 2994 Quod
341 2942 475 2994 nos,
509 2921 691 3003 legem
718 2920 931 2981 Juliam
973 2922 1318 3003 corrigentes
1336 2968 1350 2994 ,
1382 2922 1442 2980 in
1471 2920 1764 2981 meliorem
1791 2928 1911 2980 sta-

84 3022 191 3074 tum
216 3016 557 3077 deduximus
585 3038 600 3075 ε
632 3035 763 3075 cum
793 3015 947 3074 enim
974 3014 1067 3075 lex
1093 3016 1154 3072 in
1185 3014 1289 3074 soli
1318 3012 1710 3073 tantummodo
1738 3012 1910 3073 rebus

86 3104 257 3168 locum
294 3108 545 3170 habehat
574 3128 699 3190 qnoe
725 3107 927 3167 Italico
965 3106 1222 3181 fuerant,
1254 3114 1310 3166 et
1351 3105 1724 3166 alienationes
1753 3105 1911 3165 inhi-

141 3314 201 3369 (l)
220 3314 271 3363 L.
300 3318 456 3377 l,pr.‚
484 3310 543 3378 ἓξ
572 3318 611 3373 l,
637 3318 667 3362 5
688 3323 733 3361 et
750 3318 801 3376 7,
826 3318 897 3370 0.,
930 3316 995 3361 De
1016 3328 1174 3362 comm.
1201 3326 1318 3360 sem.
1349 3322 1550 3357 maneam.
1583 3306 1696 3369 (vn,
1717 3308 1784 3365 7).
