2292 3684
73 150 193 190 πει.
222 148 389 191 ιιιετ.
420 150 474 190 ι..
498 148 591 204 ιιι,
614 148 733 202 ἰ’-ιτ,
761 146 849 189 ιιι.
890 148 961 189 ne
990 146 1252 191 neeman
1284 134 1492 190 Aens'r.
1522 148 1770 191 success.
1814 132 1917 189 ³75

72 274 167 333 quo
202 260 435 313 eertum
472 272 597 311 esse
634 252 869 332 coeperit
902 250 1125 312 nullum
1171 273 1240 312 ex
1278 260 1613 313 testamento
1648 250 1916 312 heredem

70 354 417 415 emturum,
444 354 585 403 tuuc
605 346 761 403 enim
780 347 1009 424 proprie
1038 346 1278 425 quisque
1301 348 1596 405 intestatus
1617 344 1919 405 decessisse

70 438 419 519 intelligitur.
456 435 621 507 Quod
646 435 875 516 quidem
902 435 1210 517 aliquando
1243 437 1415 519 longo
1445 449 1699 520 tempore
1726 436 1916 497 decla-

70 534 341 591 ratus-:iu
374 550 495 612 qno
525 531 711 610 spatio
739 531 1007 610 temporis
1040 551 1190 610 saepe
1217 531 1434 606 accidit,
1467 540 1550 605 ut,
1576 533 1920 613 proximiore

70 634 319 697 mortno,
354 626 656 705 proximus
684 644 801 684 esse
828 626 1081 707 incipiat,
1099 628 1197 707 qui
1228 630 1505 687 moriente
1523 635 1784 687 testatore
1803 645 1918 687 non
1968 699 1976 713 ι

70 730 184 786 erat
210 721 540 799 proximus.

52 832 67 844 ·
142 828 204 877 τ.
236 813 517 874 Placebat
545 823 736 873 autem
764 814 826 871 in
844 832 911 873 eo
940 832 1145 893 genere
1167 815 1666 897 percipiendarum
1695 814 1920 875 heredi·

70 915 241 973 tatuth
270 909 697 967 successionem
727 926 840 967 non
868 927 1007 979 esse,
1034 907 1091 967 id
1120 916 1226 980 est,
1260 917 1321 969 ut
1350 912 1606 990 quamvis
1635 912 1924 990 proximus

72 1005 183 1083 qui,
214 1002 546 1061 becundum
578 1021 645 1061 ea
676 1022 799 1081 quae
827 1001 1089 1075 diximus,
1121 1011 1397 1064 vocantur
1420 1003 1490 1062 ad
1520 1002 1919 1077 hereditatem,

70 1106 159 1155 aut
195 1098 485 1176 spreverit
529 1094 893 1154 hereditatem
914 1141 929 1168 ,
972 1106 1069 1155 aut
1090 1143 1105 1169 ,
1154 1106 1460 1178 antequam
1493 1096 1681 1172 adeat,
1729 1097 1926 1158 deces-

71 1193 225 1261 serit,
260 1188 457 1247 nihilo
504 1190 687 1268 magis
737 1186 986 1268 legitimo
1021 1190 1155 1268 jure
1196 1200 1494 1270 sequentes
1532 1191 1919 1253 admittantur.

72 1282 228 1355 Quod
262 1283 486 1341 iterum
531 1289 821 1360 praetores,
864 1280 1198 1359 imperfecto
1233 1280 1365 1362 jure
1404 1286 1776 1363 corrigentes,
1807 1302 1928 1342 non

74 1381 127 1435 in
158 1386 346 1437 totum
367 1377 493 1435 sine
522 1374 867 1452 adminiculo
887 1374 1312 1456 relinquebant,
1336 1375 1432 1435 sed
1458 1398 1526 1437 ex
1554 1386 1928 1457 cognatorum

74 1470 269 1529 ordine
318 1489 417 1530 eos
448 1466 757 1541 vocabant,
790 1475 850 1526 ut
889 1477 1017 1546 pote
1046 1467 1403 1549 adgnationis
1427 1472 1545 1549 juri
1573 1472 1652 1530 eis
1681 1469 1919 1531 recluso.

150 1566 260 1625 Sed
322 1583 465 1635 nos,
524 1562 670 1621 nihil
724 1561 915 1622 deesse
970 1562 1378 1642 perfectissimo
1429 1566 1550 1643 juri
1597 1566 1918 1644 cupientes,

78 1668 269 1718 nostra
322 1658 722 1717 constitutione
769 1676 939 1735 quam
982 1656 1051 1715 de
1090 1658 1222 1736 jure
1261 1666 1623 1737 patronatus,
1665 1657 1930 1717 humani-

76 1763 183 1812 tate
228 1760 605 1832 suggerente,
654 1748 1027 1830 protulimus,
1081 1752 1372 1811 sanximus
1415 1754 1828 1814 successionem
1869 1754 1931 1811 in

80 1847 465 1927 adgnatorum
492 1842 897 1903 hereditatibus
928 1862 1043 1901 non
1073 1860 1198 1902 esse
1234 1845 1314 1902 eis
1348 1843 1768 1925 denegandam3
1801 1864 1930 1907 cum
1999 1916 2016 1929 ι

80 1944 209 1998 satis
241 1935 566 1999 absurdum
596 1944 733 2011 erat,
759 1935 908 2017 quod
937 1938 1191 2017 cognatis
1219 1958 1254 1995 a
1281 1945 1520 2017 praetore
1545 1947 1804 2017 apertum
1829 1944 1930 2009 est,

80 2034 185 2093 hoc
212 2033 481 2113 adgnatis
511 2050 632 2091 esse
652 2029 953 2101 reclusum,
985 2032 1229 2089 maxime
1259 2051 1389 2090 cum
1418 2034 1476 2089 in
1507 2051 1680 2090 onere
1703 2029 1934 2111 quidem

82 2126 393 2189 tutelarum
424 2135 477 2185 et
506 2126 765 2208 proximo
793 2125 969 2207 gradu
998 2125 1290 2186 deficiente
1318 2146 1560 2207 sequens
1586 2124 1848 2198 succedit,
1879 2136 1934 2185 et

84 2223 231 2303 qnod
261 2223 327 2281 in
360 2242 533 2295 onere
567 2218 886 2293 obtinebat,
918 2240 1032 2280 non
1064 2231 1184 2280 erat
1211 2222 1270 2279 in
1303 2219 1460 2279 lucro
1492 2222 1849 2301 permissum.
1926 2272 1931 2275 .

161 2326 225 2377 8.
252 2314 345 2375 Ad
364 2314 675 2394 legitimam
692 2315 1102 2372 successionem
1123 2311 1498 2371 nihilominus
1520 2323 1750 2371 vocatur
1765 2315 1934 2373 etiam

86 2430 296 2490 parens
324 2410 452 2489 qni,
489 2415 777 2466 contracta
812 2406 1053 2479 fiducia,
1094 2404 1280 2465 filium
1310 2402 1400 2464 vel
1435 2402 1640 2479 filiam,
1672 2415 1936 2491 nepotem

84 2504 167 2563 vel
195 2512 465 2585 neptem,
500 2520 568 2560 ac
596 2499 891 2580 deinceps,
924 2502 1264 2579 emancipat.

160 2596 331 2667 Quod
372 2616 442 2654 ex
478 2602 675 2654 nostra
717 2594 1109 2653 constitutione
1149 2593 1228 2672 (l)
1266 2591 1590 2651 omnimodo
1619 2591 1932 2667 inducitur,

88 2700 144 2751 ιιι
170 2690 665 2770 emancipationes
698 2684 1007 2746 liberorum
1050 2706 1278 2767 semper
1318 2686 1612 2745 videantur
1653 2695 1937 2746 contracta

90 2784 291 2843 fiducia
318 2782 477 2852 fieri3
508 2799 639 2839 cum
672 2777 821 2859 apud
851 2781 1113 2859 antiquos¹
1140 2799 1256 2838 non
1286 2779 1449 2837 aliter
1474 2777 1585 2838 hoc
1619 2778 1932 2851 obtinebat,
1974 2772 1986 2789 ’“

90 2880 193 2939 nisi
222 2875 548 2959 specialiter
577 2881 864 2934 contracta
890 2872 1094 2933 fiducia
1124 2893 1332 2953 parens
1350 2875 1786 2933 manumisisset.

1371 3290 1449 3297 ...-.-.
1513 3290 1527 3293 -
1562 3284 1934 3297 *——--·--..-....-

164 3360 233 3423 (1)
268 3362 319 3409 L.
349 3364 396 3417 6,
428 3365 505 3418 0.,
538 3354 605 3406 De
632 3360 847 3422 emant-ip.
877 3356 1007 3405 liber.
1042 3355 1170 3418 (vm,
1197 3359 1297 3414 49).
