2292 3684
336 53 406 108 ⁴2
804 63 1116 111 susurrum
1151 62 1437 111 msrxrur.
1476 64 1708 109 rnooen.

337 170 400 227 in
429 165 778 229 luculentam
811 170 1098 231 ereximus
1139 170 1603 242 consonantiam,
1633 177 1767 231 tuno
1796 172 2061 241 nostram
2090 190 2193 231 ex-

336 263 622 323 tendimus
650 282 846 323 curam
867 262 983 322 ad’
967 283 1251 323 lmmensa
1281 264 1482 323 veteris
1512 262 1822 343 prudentius
1858 264 2187 339 volumina3

337 366 395 419 et
423 376 567 438 opus
587 356 965 437 desperatum,
987 358 1158 437 quasi
1182 376 1285 437 per
1310 354 1564 419 medium
1584 356 1935 437 profundum
1964 367 2189 433 eunteS,

337 450 546 514 coelesti
582 452 772 512 favore
793 454 919 532 jam
947 450 1400 533 adimplevimus·
1466 454 1476 463 '

419 556 488 609 8.
523 546 778 625 Cumque
798 546 906 605 hoc
931 546 1050 607 Deo
1079 546 1329 629 propitio
1357 554 1651 627 peractum
1678 554 1781 619 est,
1808 546 2187 622 Triboniano,

338 644 460 708 viro
481 641 809 723 magnifico,
832 644 1106 723 magistro
1121 650 1187 701 et
1212 649 1559 723 exquaestore
1586 644 1733 702 sacri
1754 642 1949 723 palatii
1978 648 2185 717 nostri,

340 756 448 797 nec
473 755 592 795 non
619 732 932 815 Theophilo
963 743 1018 794 et
1047 733 1360 805 Dorotheo,
1392 734 1527 795 viris
1550 734 1895 809 illustribus,
1926 744 2193 798 anteces-

339 828 593 901 soribus,
621 847 866 908 quorum
894 828 1157 887 omnium
1184 824 1475 889 solertiam
1502 835 1557 887 et
1584 827 1778 910 legum
1807 831 2103 891 scientiam
2134 838 2195 891 et

341 925 489 984 circa
515 931 740 983 nostras
759 922 1046 1002 jussiones
1085 922 1256 982 fidem
1286 923 1413 1003 jam
1440 942 1509 983 ex
1549 923 1743 983 multis
1778 944 1973 984 rerum
2011 945 2197 1007 argu-

341 1017 548 1078 mentis
579 1018 927 1097 aceepimus,
959 1018 1316 1090 convocatis,
1348 1015 1665 1097 specialiter
1698 1017 2094 1079 mandavimus
2124 1028 2195 1079 ut

342 1120 536 1176 nostra
551 1112 880 1196 auctoritate
899 1112 1225 1193 nostrisque
1240 1111 1603 1173 suasionibus
1622 1111 2007 1175 Institutiones
2034 1134 2195 1175 com-

341 1214 647 1294 ponerent,
691 1213 753 1264 ut
778 1200 944 1265 liceat
978 1203 1139 1265 vobis
1175 1202 1367 1286 prima
1395 1202 1587 1286 legum
1626 1205 1914 1267 cunabula
1952 1226 2069 1268 non
2111 1206 2191 1267 ab

344 1302 592 1381 antiquis
629 1296 839 1358 fabulis
865 1298 1110 1376 discere,
1137 1299 1238 1361 sed
1262 1298 1338 1359 ab
1366 1299 1650 1381 imperiali
1676 1300 1975 1381 splendore
2002 1322 2195 1385 eppe-

343 1404 492 1469 tere,
524 1402 579 1454 et
606 1400 724 1454 tam
751 1413 918 1454 aures
948 1413 1123 1477 quam
1153 1394 1356 1453 animae
1382 1402 1580 1455 vestrm
1606 1392 1752 1454 nihil
1772 1394 1979 1457 inutile
2006 1396 2193 1456 nihil-

347 1510 459 1573 que
492 1509 796 1572 perperam
821 1491 1106 1570 positum,
1147 1488 1246 1549 sed
1275 1488 1429 1570 quod
1465 1490 1526 1548 in
1564 1490 1704 1573 ipsis
1736 1511 1931 1553 rerum
1968 1491 2194 1553 obtinet

347 1586 730 1666 argumentis,
787 1586 1088 1664 accipiant.
1137 1583 1209 1643 Et
1254 1583 1409 1664 quod
1452 1585 1515 1643 in
1561 1586 1750 1664 priore
1794 1591 2049 1666 tempore
2094 1590 2193 1649 vix

345 1688 476 1767 post
504 1678 946 1761 quadriennium
973 1678 1262 1762 prioribus
1290 1678 1687 1763 contingebat,
1712 1688 1775 1741 ut
1806 1687 1941 1742 tune
1970 1684 2191 1743 consti-

345 1776 589 1837 tutiones
617 1773 1012 1855 imperatorias
1040 1769 1311 1853 legerent,
1340 1770 1451 1833 hoe
1472 1792 1571 1833 vos
1591 1792 1626 1831 a
1652 1772 2012 1855 primordio’
1992 1794 2191 1855 ingre-

271 1864 278 1873 ’
347 1868 618 1941 diamini,
649 1866 808 1949 digni
835 1872 989 1927 tanto
1011 1864 1232 1927 honore
1265 1872 1537 1947 tantaque
1562 1868 1775 1948 reperti
1802 1866 2091 1944 felicitate,
2123 1877 2191 1929 ut
2226 1928 2228 1943 ,

347 1971 404 2027 et
429 1964 656 2029 initium
681 1959 841 2023 vobis
867 1968 924 2025 et
947 1958 1078 2025 finis
1099 1958 1293 2045 legum
1310 1960 1643 2023 eruditionis
1662 1982 1699 2022 a
1723 1981 1859 2025 voce
1882 1964 2190 2049 principali

347 2055 634 2140 procedet.
727 2072 733 2077 ’

428 2162 500 2214 4.
532 2151 708 2233 Igitur
733 2156 862 2231 post
882 2146 1061 2209 libros
1089 2149 1506 2231 qninquaginta
1531 2148 1889 2229 Digestorum
1915 2169 2015 2212 seu
2032 2151 2186 2213 Pen-

349 2248 656 2319 dectarum,
680 2247 740 2305 in
767 2244 976 2326 quibus
1000 2263 1167 2303 omne
1186 2245 1285 2323 jus
1302 2246 1605 2325 antiquum
1632 2244 1899 2307 collatum
1923 2253 2021 2325 est,
2040 2268 2184 2327 quos

349 2360 452 2423 per
477 2338 740 2401 eumdem
770 2340 953 2399 virum
975 2335 1261 2399 excelsum
1278 2336 1693 2400 Tribonianum
1714 2359 1817 2400 nec
1834 2359 1951 2401 non
1968 2350 2182 2403 ceteros

349 2437 498 2497 viros
519 2432 765 2495 illustres
791 2440 848 2493 et
867 2431 1304 2495 facundizsimos
1332 2432 1699 2507 confecimus,
1728 2435 1789 2493 in
1807 2432 1913 2495 hos
1941 2443 2184 2516 quatuor

344 2528 523 2589 libros
555 2526 780 2589 easdem
807 2527 1192 2589 Institutiones
1221 2527 1421 2607 partiri
1441 2528 1752 2611 jussimus,
1783 2536 1847 2589 ut
1872 2528 1986 2591 siut
2014 2532 2181 2593 totius

341 2622 608 2703 legitimae
631 2622 875 2685 scientiae
903 2622 1095 2701 prima
1121 2608 1419 2685 elementa.

423 2715 601 2777 5.1n
629 2713 836 2797 quibus
863 2713 1111 2776 breviter
1136 2716 1455 2797 expositum
1482 2722 1565 2776 est
1591 2722 1646 2777 et
1672 2715 1824 2798 quod
1852 2725 2017 2779 antea
2036 2717 2183 2780 obti

341 2810 545 2886 nebat,
573 2819 629 2873 et
655 2811 806 2894 quod
837 2820 1038 2893 postea
1069 2810 1439 2875 desuetudine
1480 2813 1873 2876 inumbratum
1898 2816 2182 2899 imperiali

342 2907 593 2969 remedio
619 2907 1004 2971 illuminatum
1032 2916 1132 2971 est.

435 3014 501 3067 ο.
556 3004 710 3077 Quas
756 3023 826 3065 ex
870 3002 1140 3063 omnibus
1182 3005 1549 3083 antiquorum
1593 3002 2075 3077 institutionibus,
2123 3013 2179 3065 et

339 3099 624 3178 proeeipue
665 3118 732 3157 ex
769 3097 1193 3157 commentariis
1228 3096 1353 3156 Gaii
1392 3098 1572 3156 nostri
1611 3104 1730 3157 tam
1759 3098 2176 3159 Institutionum

340 3210 514 3270 quam
561 3191 776 3251 Rerum
821 3186 1281 3271 quotidianarum
1299 3232 1317 3261 ‚
1362 3186 1602 3272 aliisque
1645 3188 1839 3250 multis
1888 3210 2178 3251 commen-

337 3285 492 3345 tariis
531 3286 899 3365 compositas,
935 3301 1066 3345 cum
1093 3290 1208 3343 tres
1240 3282 1488 3364 praedicti
1521 3286 1629 3345 viri
1661 3284 1967 3367 prudentes
2008 3284 2175 3347 nobis
