2292 3684
0 111 134 154 mer.
171 112 223 153 1..
258 112 323 161 n,
354 113 411 153 r.
435 112 561 153 xm.
599 110 672 151 m:
697 107 1165 151 exne-amunte:
1195 109 1373 152 tmen.
1429 97 1536 153 235

1 237 101 275 ura
136 218 222 275 sui
257 215 479 275 heredis
505 215 702 288 habet,
734 216 989 296 quamvi·
1017 234 1197 295 nepos
1223 234 1450 297 quoque
1481 223 1538 275 et

15 328 81 367 eo
107 308 165 366 in
196 309 389 368 eadem
413 315 688 389 potestate
711 310 848 378 eint3
878 307 979 367 sed
1006 309 1053 367 εἰ
1079 307 1229 367 filius
1259 310 1383 389 ejus
1409 309 1537 367 vivo

0 409 94 472 kur,
131 409 228 459 aut
262 400 514 481 qualibet
550 401 663 461 alia
700 402 918 462 ratione
958 409 1117 460 exeat
1158 400 1228 459 de
1265 409 1538 481 potestate

0 495 76 573 pit
100 512 281 573 nepos
308 496 559 573 neptisve
587 496 647 551 in
676 495 797 573 ejus
828 492 1015 552 locum
1044 492 1357 563 succedere,
1389 503 1443 552 et
1469 512 1540 553 eo

0 607 39 645 a
61 606 292 646 suorum
320 585 592 646 heredum
622 589 785 667 quasi
821 586 1159 667 adgnatione
1194 588 1541 646 nanciscun-

0 700 101 761 rgo
140 700 207 739 eo
235 680 402 740 modo
444 688 743 761 rumpatur
777 682 899 760 ejus
934 689 1360 753 testamentum,
1400 683 1540 739 sicut

0 776 108 832 ium
136 772 222 833 vel
249 773 516 834 heredem
542 777 860 845 instituere,
890 775 978 833 vel
1006 776 1338 833 nominatim
1367 774 1540 834 exhe-

0 865 102 926 ÷het
135 875 383 938 testator,
417 888 487 926 ne
514 888 630 927 non
653 869 783 947 jure
809 867 978 927 faeiat
1003 876 1431 939 testamentum,
1464 870 1543 928 ita

0 981 56 1019 m
88 969 382 1041 neptemve
419 980 485 1019 ex
525 960 643 1019 filio
683 980 909 1021 necesse
937 970 1018 1020 est
1057 964 1106 1019 ei
1149 962 1236 1022 vel
1279 961 1542 1021 heredem

0 1075 33 1126 ι,
64 1052 152 1113 vel
189 1051 556 1124 exheredare,
588 1073 660 1111 ne
689 1052 859 1124 sorte,
892 1074 957 1113 eo
988 1056 1111 1114 vivo
1140 1054 1259 1113 filio
1287 1064 1540 1126 mortuo,

0 1144 64 1204 do
93 1147 150 1203 in
180 1143 366 1203 locum
395 1147 515 1224 ejus
544 1165 721 1224 nepos
750 1148 999 1227 neptisve
1019 1150 1181 1226 quasi
1209 1146 1547 1228 adgnatione

0 1247 401 1309 tastamentum
446 1238 615 1320 idque
654 1239 775 1319 lege
805 1241 979 1300 Junia
1010 1241 1218 1302 Velleia
1256 1245 1544 1322 provisum

1 1355 73 1394 ua
102 1332 271 1393 simul
297 1331 744 1393 exheredationis
773 1334 973 1395 modus
1011 1336 1082 1394 ad
1122 1335 1546 1397 similitudinem

0 1449 112 1489 rum
142 1429 575 1489 demonstratur.

0 1618 301 1698 [ancipatos
334 1614 540 1675 liberos
560 1615 694 1693 jure
729 1614 876 1675 civili
908 1634 1089 1695 neque
1123 1615 1352 1675 heredes
1380 1619 1545 1675 insti-

0 1729 120 1789 =que
165 1707 503 1767 exheredare
542 1727 766 1767 neeesse
810 1716 920 1777 est,
954 1709 1087 1785 quia
1129 1727 1242 1766 non
1291 1718 1421 1767 sunt
1462 1712 1549 1768 sui

15 1804 123 1864 Sed
168 1812 376 1885 praetor
413 1823 634 1876 omnes,
677 1810 792 1861 tam
836 1802 1095 1860 feminini
1135 1822 1332 1873 seme,
1376 1823 1549 1882 quam

1 1898 52 1974 i,
84 1899 130 1956 ei
171 1896 406 1956 heredes
433 1916 547 1955 non
577 1898 958 1967 instituantur,
1000 1895 1324 1955 exheredari
1355 1895 1545 1975 jubet,

1 2009 105 2049 xus
142 1991 507 2060 nominatim,
553 1988 812 2048 feminini
856 2008 988 2048 vero
1026 1998 1080 2047 et
1122 1991 1268 2048 inter
1306 1997 1546 2061 ceter-083

0 2104 154 2165 1eque
180 2082 415 2143 heredes
441 2083 680 2169 instituti
711 2083 947 2154 fuerint,
979 2103 1163 2163 neque
1190 2085 1284 2154 ita,
1318 2093 1378 2142 ut
1404 2083 1554 2142 dixi-

0 2178 243 2252 neredati,
271 2180 544 2259 promittit
570 2180 648 2237 eis
676 2186 882 2259 praetor
907 2187 1101 2238 contra
1129 2176 1352 2238 tabulas
1382 2188 1554 2240 testa-

0 2292 215 2332 »norum
246 2272 677 2351 possessionem.

0 2651 190 2732 {optivi
230 2648 422 2722 liberi,
471 2646 743 2729 quamdin
790 2655 922 2706 sunt
966 2648 1023 2705 in
1072 2655 1343 2727 potestate
1384 2648 1560 2727 patrie

0 2792 9 2818 ,
41 2744 295 2824 ejusdem
315 2745 462 2823 juris
488 2741 771 2801 hahentur
802 2742 964 2820 cujus
991 2750 1121 2799 sunt
1142 2742 1310 2820 justis
1350 2742 1563 2819 nuptiis

38 2842 228 2919 itaque
256 2838 487 2897 heredes
522 2836 849 2897 instituendi
885 2834 973 2895 vel
1000 2835 1375 2895 exheredandi
1402 2846 1560 2905 eunt,

0 2954 47 2992 m
73 2954 140 2993 ea
168 2953 290 3012 quoe
317 2932 386 2991 de
415 2930 770 2991 naturalibus
799 2931 1180 3012 exposuimus·

0 3028 177 3107 ,cipati
218 3044 349 3085 vero
393 3043 427 3082 a
464 3033 625 3105 patre
671 3023 961 3103 adoptivo,
1011 3040 1195 3100 neque
1225 3022 1352 3099 jure
1389 3017 1562 3090 civili,

0 3118 105 3178 uod
133 3119 204 3179 ad
236 3118 479 3178 edictum
509 3118 763 3198 praetoris
799 3116 1011 3187 attinet,
1044 3115 1192 3172 inter
1219 3110 1428 3171 liberos
1457 3131 1568 3170 nu-

0 3235 51 3274 Γ.

0 3309 201 3367 *atione
242 3303 444 3365 accidit
484 3313 542 3362 ut
578 3322 648 3362 ex
687 3300 934 3373 diverso,
967 3300 1115 3381 qnod
1155 3299 1222 3357 ad
1260 3291 1574 3355 naturalem
