2292 3684
289 130 440 175 ruer.
471 126 618 173 msr.
649 128 704 171 ι..
733 126 822 184 ιιι,
847 126 904 169 r.
929 124 1103 169 xxm.
1143 126 1219 167 ns
1245 124 1530 171 ιιιιηιοιιιι
1554 125 1917 169 νεκυιτιοιιιι.
1957 112 2061 167 477

221 231 412 303 datur,
437 237 838 312 argumentum
863 236 948 289 est
973 230 1283 310 emptionis
1304 237 1360 289 et
1386 228 1723 293 venditionis
1742 235 2060 291 contractae.

303 324 413 385 Sed
452 324 569 384 haec
599 321 832 403 quidem
867 321 935 381 de
972 321 1359 403 empfionibus
1398 328 1453 382 et
1486 320 1906 383 venditionibus
1944 342 2067 403 quae

223 419 348 477 sine
389 418 671 498 scriptura
708 416 1050 486 consistunt,
1089 413 1349 475 obtinere
1386 422 1637 495 oportet;
1676 435 1813 475 nam
1854 414 2000 473 nihil
2036 435 2071 475 a

223 508 395 569 nobis
435 510 496 568 in
536 506 868 588 hujusmodi
904 506 1326 569 venditionibus
1366 508 1705 567 innovatum
1748 514 1847 567 est.
1898 508 1963 565 ln
2003 508 2072 565 iis

225 612 421 665 antem
462 622 586 683 qnoe
631 603 913 682 scriptura
948 600 1346 672 conficiuntur,
1391 620 1507 661 non
1550 599 1717 661 aliter
1762 599 2073 683 perfectam

221 716 350 758 esse
383 694 764 757 venditionem
809 702 865 755 et
904 697 1253 775 emptionem
1290 696 1683 760 constituimus
1701 694 1787 771 (1)
1806 738 1821 766 ,
1870 696 1981 753 nisi
2020 702 2076 753 et

225 794 612 851 instrumenta
647 790 950 870 emptionis
978 788 1193 848 fuerint
1217 792 1565 871 conscripta,
1604 788 1692 849 vel
1722 808 1899 848 manu
1935 808 2077 871 prou·

229 887 360 966 pria
397 882 853 945 contrahentium
875 930 889 953 ,
935 881 1026 943 vel
1058 884 1128 942 nh
1166 881 1279 942 alio
1319 883 1549 965 quidem
1586 884 1827 964 scripte,
1862 903 1897 941 a
1937 903 2077 943 con-

227 974 592 1036 trahentibus
620 983 810 1035 autem
839 975 1159 1056 subscripta
1176 1022 1191 1049 ,
1226 984 1311 1047 et,
1343 978 1390 1035 si
1418 996 1523 1056 per
1550 973 1882 1036 tabelliones
1903 975 2072 1045 fiant,

227 1070 343 1129 nisi
381 1079 438 1128 et
478 1066 879 1148 completiones
912 1071 1266 1149 acceperint,
1298 1076 1352 1127 et
1386 1067 1600 1129 fuerint
1634 1089 1669 1127 a
1707 1068 1967 1149 partibus
1991 1068 2077 1147 (2)

229 1158 498 1221 absoluta
527 1182 541 1219 ε
574 1160 752 1221 donec
779 1162 935 1220 enim
963 1158 1175 1241 aliquid
1205 1182 1273 1221 ex
1310 1160 1397 1221 bis
1429 1160 1610 1233 deest,
1648 1170 1703 1221 et
1741 1164 2081 1242 poenitentiae

229 1252 394 1315 locus
423 1262 528 1324 est,
557 1262 612 1313 et
635 1260 818 1334 potest
839 1260 1060 1334 emptor
1078 1253 1166 1313 vel
1192 1253 1445 1317 venditor
1475 1256 1599 1314 sine
1619 1274 1790 1336 poena
1822 1253 2081 1316 recedere

236 1346 310 1407 ab
353 1348 658 1428 emptione.
687 1346 770 1405 Its
804 1355 992 1406 tamen
1026 1348 1263 1427 impune
1295 1348 1375 1405 eis
1401 1344 1660 1408 recedere
1687 1346 2078 1421 concedimus,

233 1444 346 1501 nisi
356 1444 482 1523 jam
502 1441 804 1501 arrharum
822 1444 1054 1501 nomine
1078 1441 1290 1522 aliquid
1312 1440 1481 1502 fuerit
1494 1440 1688 1501 datum
1712 1465 1725 1501 :
1747 1441 1857 1503 boc
1874 1442 2084 1502 etenim

234 1535 558 1609 subsecuto,
600 1536 716 1596 sive
747 1538 808 1594 in
829 1536 1082 1615 scriptis,
1117 1538 1235 1594 sive
1265 1534 1388 1594 sine
1416 1536 1640 1615 scriptis
1664 1534 1909 1597 venditio
1932 1534 2087 1597 cele-

233 1628 406 1689 brata
439 1636 541 1700 est,
569 1630 619 1687 is
647 1630 747 1709 qui
776 1636 995 1689 recusat
1023 1626 1335 1707 adimplere
1362 1635 1739 1711 contractum,
1779 1630 1831 1687 si
1856 1626 2087 1709 quidem
2126 1642 2135 1653 ‘

235 1731 320 1782 est
337 1730 588 1803 emptor,
609 1720 797 1803 perdit
816 1720 967 1803 quod
995 1721 1164 1793 dedit,
1194 1722 1242 1779 si
1263 1740 1395 1780 vero
1415 1720 1690 1795 venditor,
1714 1720 1957 1803 duplum
1974 1740 2090 1781 res-

235 1815 442 1875 tituere
475 1812 854 1895 compellitur,
883 1811 1012 1873 licet
1039 1833 1214 1894 super
1233 1812 1421 1873 arrhis
1448 1812 1593 1874 nibil
1622 1834 1952 1897 expressum
1977 1822 2085 1876 est.

321 1916 388 1969 1.
422 1907 676 1968 Pretium
703 1915 898 1967 autem
933 1908 1201 1967 constitui
1230 1915 1485 1988 oportet3
1518 1926 1655 1967 nam
1680 1906 1845 1967 nulla
1874 1909 2089 1989 emptio

241 2003 370 2061 sine
395 2001 579 2081 pretio
615 2019 738 2061 esse
765 2006 963 2081 potest.
995 1998 1104 2061 Sed
1137 2007 1195 2059 et
1220 2008 1437 2061 certum
1466 2003 1713 2081 pretium
1748 2020 1869 2061 esse
1904 1999 2087 2064 debet.

237 2094 540 2176 Alioquin,
571 2096 624 2155 si
650 2096 800 2155 inter
825 2092 1049 2177 aliquos
1074 2096 1157 2153 its.
1182 2096 1537 2169 convenerit,
1566 2102 1657 2169 nt,
1688 2096 1887 2177 quanti
1913 2095 2093 2156 Titius

235 2208 366 2248 rem
392 2189 779 2258 oestimaverit3
807 2189 953 2247 tanti
977 2188 1050 2247 sit
1075 2194 1269 2269 empta
1284 2232 1301 2259 ‚
1332 2189 1483 2248 inter
1508 2194 1722 2247 veteres
1750 2190 1885 2249 satis
1908 2186 2093 2247 abun·

241 2281 432 2364 deque
455 2280 568 2341 hoe
591 2279 982 2351 dubitabatur,
1015 2282 1131 2341 sive
1159 2288 1379 2341 constat
1404 2280 1651 2341 venditio
1668 2320 1685 2353 ,
1716 2283 1833 2341 sive
1858 2301 1997 2343 non.

325 2373 436 2434 Sed
463 2381 661 2433 nostrn
687 2373 894 2434 decisio
917 2373 1000 2454 (3)
1031 2375 1112 2431 ita
1137 2371 1248 2434 boc
1274 2374 1577 2447 constitnit,
1610 2383 1697 2447 ut,
1726 2376 1985 2456 quotiens
2013 2376 2095 2433 sic

243 2469 561 2549 composita
595 2469 667 2526 sit
703 2466 951 2527 venditio
971 2513 986 2540 ,
1031 2485 1219 2535 Quam-1
1259 2484 1377 2526 ιιιιι
1418 2485 1809 2547 AEsrtmvsmr,
1835 2468 1943 2528 sub
1989 2460 2097 2528 Hac

246 2562 569 2622 conditione
596 2568 766 2619 staret
795 2568 1142 2633 contractus,
1177 2568 1266 2633 ut,
1296 2562 1344 2619 si
1372 2559 1603 2641 quidem
1630 2562 1753 2641 ipse
1782 2562 1880 2641 qui
1903 2563 2095 2622 nomi-

251 2662 420 2713 natus
465 2661 549 2712 est
594 2653 840 2733 pretium
887 2650 1201 2722 definierit,
1244 2650 1574 2711 omnimodo
1622 2653 1933 2714 secundum
1975 2654 2098 2733 ejus

253 2745 683 2804 aestimationem
720 2753 772 2801 et
811 2746 1058 2825 pretium
1092 2742 1468 2823 persolvatur,
1510 2752 1565 2805 et
1594 2764 1686 2805 res
1720 2745 1997 2823 tradatur,
2039 2756 2102 2806 ut

252 2839 500 2899 venditio
522 2836 593 2897 ad
620 2836 886 2898 effectum
917 2836 1281 2918 perducatur,
1312 2848 1537 2919 emptor
1559 2839 1791 2921 quidem
1817 2861 1887 2902 ex
1910 2849 2101 2923 empto

259 2935 477 2995 actione
497 2978 513 3005 ,
538 2930 828 2991 venditore
855 2940 1044 2991 autem
1069 2952 1138 2993 ex
1160 2932 1385 2993 vendito
1412 2942 1630 3016 agente.
1660 2935 1760 2994 Sin
1790 2945 1981 2997 antem
2006 2934 2103 2995 ille

263 3031 360 3109 qni
385 3027 716 3087 nominatus
741 3032 853 3097 est,
879 3025 969 3085 vel
995 3024 1269 3098 noluerit,
1288 3025 1397 3088 -vel
1428 3048 1544 3089 non
1574 3032 1822 3110 potnerit
1857 3032 2105 3111 pretinm

329 3256 405 3320 (1)
420 3256 474 3307 L.
501 3261 578 3313 17,
607 3260 682 3311 G..
697 3254 860 3319 Dsfid.
887 3256 1100 3306 instrum.
1123 3260 1216 3317 (w,
1238 3256 1485 3323 21).-(2)
1506 3258 1627 3305 Alias
1650 3256 1859 3321 :fuerint
1872 3259 2097 3323 partibus.

267 3320 412 3383 —(3)
435 3320 488 3368 L.
519 3322 598 3377 15,
620 3319 694 3375 G„
713 3324 779 3367 De
797 3316 1001 3369 contrah.
1022 3330 1162 3383 empt.
1186 3320 1275 3382 (tv,
1296 3322 1395 3385 ³8).

1734 3396 1821 3453 27.
