2292 3684
509 94 660 138 snsr.
694 67 862 139 meh
881 97 935 137 1..
964 96 1048 151 ιιι,
1086 96 1141 137 r.
1172 72 1308 139 xxv:
1350 98 1421 139 nu
1449 96 1761 141 εοοιιςτΑτιι.
1929 86 2031 141 489

175 196 559 272 existimavit,
599 206 655 259 et
689 198 763 259 ob
801 198 860 257 id
897 218 1014 259 non
1050 218 1171 259 esse
1208 208 1391 260 ratam
1426 196 1767 259 habendam„
1804 198 2031 260 Servius

174 288 500 372 Sulpicius,
547 292 710 372 cujus
747 290 1024 354 sententie
1057 292 1383 375 praevaluit,
1422 298 1619 353 contra
1656 294 1853 362 sensit3
1894 294 2031 373 quia

179 380 339 466 stiipe
396 385 774 466 quorumdam
827 389 907 446 ite
955 389 1217 468 pretiose,
1252 394 1337 447 est
1388 406 1563 468 opera
1616 387 1677 445 in
1736 386 2027 463 societate,

177 484 250 535 ut
295 496 396 537 eoa
433 479 656 559 justum
702 481 774 538 sit
819 478 1055 539 meliore
1093 477 1414 540 conditione
1452 480 1513 535 in
1558 480 1879 537 societatem
1925 476 2031 536 ed-

177 570 336 629 mitti
369 590 386 629 t
419 590 556 630 nam
583 580 638 632 et
664 574 743 631 ita
770 572 908 632 coiri
942 591 1106 653 posse
1135 570 1457 632 societatem
1486 590 1600 629 nou
1630 568 1935 642 dubitatur,
1968 580 2032 627 ut

177 662 336 723 alter
376 664 682 744 pecuniam
727 664 1007 737 conferat,
1057 663 1202 725 alter
1244 684 1364 723 non
1416 664 1695 735 conferat,
1746 670 1801 722 et
1838 672 2029 721 tamen

175 752 413 815 lucrum
448 758 599 817 inter
635 776 730 817 eos
767 776 1066 819 commune
1099 760 1197 828 sit,
1238 757 1372 839 quia
1404 774 1553 836 saepe
1586 759 1761 835 opera
1789 753 2029 833 alicujus

175 868 294 929 pro
321 852 566 931 pecunia
591 850 753 911 valet.
783 852 852 911 Et
880 849 1020 911 adeo
1047 859 1245 911 contra
1272 851 1465 921 Quinti
1490 849 1663 909 Mucii
1692 850 2029 908 senteutiam

179 940 462 1015 obtinuit,
506 951 568 1002 ut
602 942 744 1003 illud
782 964 1008 1026 quoque
1048 944 1359 1003 constiterit
1395 961 1561 1022 posse
1604 940 1919 1010 conveniri,
1968 946 2031 998 ut

180 1036 314 1114 quis
355 1034 498 1095 lucri
543 1044 765 1116 partem
803 1035 976 1109 ferat,
1027 1035 1237 1095 damno
1282 1054 1398 1093 non
1443 1042 1728 1104 teneatur3
1780 1031 1931 1113 quod
1976 1038 2030 1089 et

179 1129 379 1208 ipsum
415 1128 639 1189 Servius
677 1132 1075 1189 convenienter
1109 1130 1219 1189 sibi
1257 1130 1605 1189 existimavit.
1641 1125 1800 1198 Quod
1837 1134 2026 1185 tamen

177 1221 262 1279 ita
301 1219 541 1303 intelligi
579 1229 829 1301 oportet,
869 1230 931 1281 ut
966 1223 1016 1280 si
1050 1222 1108 1279 in
1140 1219 1331 1301 aliqua
1359 1240 1421 1279 re
1447 1219 1698 1291 lucrum,
1744 1221 1805 1277 in
1834 1218 2028 1297 aliqua

185 1311 468 1373 damnum
515 1311 765 1383 allatum„
797 1314 886 1385 sit,
912 1314 1373 1395 compensatione
1421 1312 1595 1386 factu,
1646 1310 1833 1372 solum
1875 1308 2027 1389 quod

181 1414 442 1489 superest
468 1406 816 1489 intelligatur
842 1406 986 1467 lucri
1019 1426 1161 1465 ease.

265 1678 334 1730 8.
379 1668 528 1730 Illud
566 1670 887 1752 expeditum
937 1678 1050 1740 eet,
1095 1670 1142 1727 si
1188 1672 1249 1728 in
1296 1688 1413 1728 una
1456 1688 1629 1728 cauea
1674 1688 1807 1749 pars
1850 1667 2023 1730 fuerit

180 1780 469 1843 apresea,
493 1762 666 1824 veluti
694 1766 753 1823 in
784 1764 902 1823 eolo
929 1763 1106 1835 lucro,
1129 1762 1221 1822 vel
1246 1764 1308 1821 in⁴
1340 1761 1461 1822 solo
1483 1762 1719 1842 damno,
1754 1764 1815 1821 in
1844 1762 2022 1822 altere

178 1876 319 1917 vero
343 1861 578 1933 omissa,
611 1861 673 1917 iu
705 1878 772 1919 eo
801 1878 1026 1941 quoque
1053 1857 1203 1939 quod
1240 1860 1683 1939 praetermissum
1720 1866 1833 1931 est,
1868 1876 2019 1919 eem-

179 1949 312 2011 dem
335 1960 556 2032 partem
581 1955 810 2013 servari.

258 2052 326 2105 4.
364 2036 560 2105 Manet
585 2052 775 2104 eutem
813 2045 1050 2105 societas
1077 2062 1327 2124 eousque
1354 2044 1532 2104 donec
1558 2048 1621 2102 in
1652 2044 1853 2104 eodem
1882 2064 2017 2106 eon-

172 2131 348 2195 aenan
376 2139 890 2217 perseveraverint3
924 2147 1136 2197 etcum
1166 2135 1373 2217 aliquis
1402 2138 1811 2199 renuntiaverit
1837 2140 2019 2199 socie-

171 2232 308 2300 tati,
359 2230 594 2291 solvitur
633 2233 889 2292 societas.
933 2230 1041 2291 Sed
1080 2229 1277 2311 plane,
1319 2232 1367 2289 si
1410 2233 1536 2311 quie
1576 2230 1776 2292 callide
1811 2234 1873 2291 in
1910 2232 2019 2293 hoc

171 2315 585 2383 renuntiaverit
613 2326 895 2396 societati,
930 2332 993 2382 ut
1021 2321 1329 2383 obveniens
1356 2322 1586 2403 aliquod
1614 2324 1839 2385 lucrum
1866 2326 2018 2386 solus
2058 2376 2067 2389 .

171 2413 418 2485 habeat,
453 2416 625 2477 veluti
654 2420 702 2477 si
730 2426 976 2477 totorum
1003 2416 1288 2477 bonorum
1312 2418 1497 2477 socius
1515 2464 1530 2488 ‚
1562 2438 1693 2477 cum
1724 2419 1797 2479 ab
1828 2417 2017 2501 aliquo

171 2508 338 2569 heres
367 2516 512 2568 esset
537 2509 795 2583 relictuS,
829 2513 888 2569 in
920 2511 1028 2569 hoc
1055 2512 1461 2570 renuntiaverit
1488 2512 1737 2571 societati
1766 2520 1827 2572 ut
1852 2511 2017 2587 here·
2122 2531 2133 2543 ⁴

173 2599 408 2661 ditatem
433 2601 588 2662 aolus
615 2602 995 2675 lucrifaceret,
1035 2614 1266 2684 cogetur
1300 2604 1408 2664 hoc
1440 2602 1661 2663 lucrum
1696 2608 2017 2664 communi-

173 2712 336 2765 carm
386 2695 434 2753 si
480 2695 617 2775 quid
655 2716 789 2755 vero
833 2696 1151 2755 lucrifaciet
1197 2695 1347 2777 quod
1396 2716 1517 2757 non
1558 2702 1893 2779 captaverit,
1944 2700 2016 2759 ad

173 2788 365 2868 ipsum
389 2787 576 2847 solum
613 2791 851 2869 pertinet
882 2812 894 2849 t
923 2792 973 2849 ei
1003 2808 1136 2879 vero
1170 2792 1261 2849 cui
1290 2793 1676 2851 renuntia-tum
1706 2790 1814 2867 e‘st,
1848 2793 2017 2874 quid-

178 2880 312 2961 quid
335 2882 574 2941 omnino
607 2889 733 2962 post
767 2884 1149 2943 renuntiatam
1182 2884 1503 2943 societatem
1540 2884 1878 2964 adquiritur,
1910 2884 2019 2945 soli

177 2973 522 3034 conceditur.
2014 2980 2019 2992 '

255 3075 316 3127 5.
351 3066 600 3127 Solvitur
633 3067 818 3127 adhuc
855 3070 1088 3127 societas
1126 3068 1294 3127 etiam
1332 3077 1513 3128 morte
1550 3072 1713 3142 socii,
1746 3072 1879 3151 quia
1916 3074 2015 3151 qui

181 3162 498 3223 societatem
536 3162 845 3235 contrahit,
886 3172 1098 3223 certam
1129 3182 1433 3244 personam
1470 3162 1581 3224 sibi
1609 3164 1781 3245 eligit.
1815 3165 1922 3225 Sed
1960 3173 2014 3226 et

183 3256 232 3314 ai
271 3272 550 3317 consensu
585 3255 840 3335 plurium
881 3257 1118 3316 societas
1157 3265 1447 3316 contracta
1482 3258 1582 3331 ait,
1626 3266 1809 3317 morte
1844 3258 2015 3316 unius
