2292 3684
161 108 326 151 susr.
355 108 506 151 utar.
545 108 602 150 1..
627 106 722 161 ιιι,
761 109 814 149 τ.
845 108 922 149 ix.
963 108 1036 149 na
1065 107 1322 151 aoaonun
1347 106 1815 151 rossmsiomsus.
1858 94 1951 149 421

99 210 406 271 honorum
433 210 815 292 possessione,
843 229 966 289 quse
992 218 1114 271 erat
1137 229 1277 273 unns
1303 228 1521 293 coenan
1548 228 1951 281 ammonis,

99 313 355 385 propter
390 322 592 364 causas
629 310 922 363 enarratas
964 305 1167 366 merito
1202 304 1453 377 sublata,
1488 311 1551 363 ut
1580 324 1677 363 sex
1704 312 1955 362 tantum-

100 396 292 457 modo
338 394 628 456 bonorum
675 397 1052 476 possessiones
1101 397 1399 459 ordinariae
1438 406 1809 480 permaneant
1852 416 1954 459 suo

101 492 319 573 vigore
348 488 643 572 pollentes.

197 596 266 647 ἵ.
309 584 563 665 Septima
593 603 686 644 eas
714 594 934 657 secuta,
975 605 1149 666 quam
1186 588 1401 666 optima
1436 588 1653 648 ratione
1690 594 1957 668 proetores

101 676 596 737 introduxerunt.
623 677 923 737 novissime
949 680 1103 737 enim
1129 681 1479 759 promittitur
1498 678 1711 741 edicto
1695 682 1763 739 iis
1788 682 1956 739 etiam

103 773 411 833 bonorum
439 771 750 852 possessio,
781 771 990 852 quibua
1019 779 1080 833 ut
1107 771 1299 847 detur,
1327 772 1455 853 lege
1481 773 1569 835 vel
1596 782 1957 835 senatuscon-

103 864 270 925 sulto
313 862 404 925 vel
450 864 846 924 constitutione
893 863 1367 945 comprehensum
1412 874 1509 926 est.
1547 867 1730 940 Quam
1773 886 1957 947 neque

103 958 416 1019 bonorum
443 956 891 1039 possessionibus
925 978 1050 1039 quae
1083 958 1159 1019 ab
1195 960 1455 1020 intestato
1481 962 1743 1036 veniunt,
1775 980 1959 1042 neque

105 1054 184 1111 iis
213 1070 349 1131 quae
377 1070 446 1111 ex
471 1058 804 1111 testamento
831 1060 990 1124 sunt,
1030 1060 1235 1131 proetor
1270 1052 1508 1113 stabili
1477 1074 1615 1138 Jure
1647 1073 1956 1115 connume-

109 1146 306 1215 ravit,
353 1143 452 1204 sed
495 1145 658 1224 quasi
700 1142 963 1203 ultimum
1009 1152 1064 1204 et
1105 1144 1615 1209 extraordinarium
1656 1146 1955 1219 auxilium,

111 1247 296 1320 prout
327 1258 416 1297 res
421 1239 646 1317 exigit,
667 1236 1139 1311 accommodavit,
1162 1238 1412 1299 scilieet·
1396 1242 1465 1299 iis
1501 1243 1684 1323 quiex
1708 1238 1958 1323 legibus,

113 1330 634 1391 senatusconsultis
693 1330 1254 1393 constitutionibusve
1310 1333 1634 1414 principum
1692 1353 1759 1393 ex
1816 1353 1959 1393 novo

105 1427 278 1503 jure,
287 1422 402 1483 vel
429 1442 498 1482 ex
525 1431 888 1495 testamento,
919 1422 1008 1483 vel
1035 1423 1108 1483 ab
1137 1426 1429 1497 intestato,
1464 1428 1711 1486 veniunt.

199 1529 272 1581 8.
313 1518 456 1577 Cum
484 1518 655 1598 igitur
684 1515 875 1598 plures
917 1518 1128 1598 species
1165 1521 1583 1581 successionum
1624 1527 1830 1599 praetor
1862 1519 1956 1577 in-

111 1610 490 1682 troduxisset,
520 1628 726 1689 easque
758 1628 865 1690 per
899 1608 1155 1669 ordinem
1193 1609 1584 1692 disposuisset,
1626 1617 1681 1668 et
1712 1613 1771 1669 in
1810 1628 1958 1667 una-

111 1722 356 1785 quaque
407 1703 594 1783 specie
645 1701 1013 1763 successionis
1067 1722 1215 1783 soepe
1263 1702 1452 1783 plures
1506 1710 1693 1763 extent
1745 1701 1957 1782 dispari

107 1797 310 1879 gradu
347 1815 626 1876 personas,
659 1814 730 1855 ne
764 1796 1012 1855 actiones
1053 1795 1392 1857 creditorum
1432 1795 1827 1883 differrentur,
1860 1794 1959 1855 sed

107 1892 404 1951 haberent
431 1910 574 1972 quos
600 1891 995 1963 convenirent,
1040 1901 1094 1951 et
1131 1912 1205 1952 ne
1242 1890 1407 1952 facile
1444 1894 1501 1949 in
1546 1891 1960 1971 possessionem

108 1987 412 2045 bonorum
448 1983 697 2043 defuncti
737 1966 1120 2056 mitterentur,
1158 1992 1213 2045 ct
1248 2003 1314 2044 eo
1352 1984 1521 2045 modo
1560 1983 1669 2043 sibi
1706 1981 1959 2043 consule·

109 2088 284 2151 rent,
313 2076 436 2137 ideo
481 2076 732 2157 petendas
771 2076 1058 2138 bonorum
1101 2080 1442 2159 possessioni
1484 2085 1699 2137 certum
1739 2086 1960 2157 tempus

109 2170 440 2255 praefinivit.
469 2168 688 2229 Liberis
730 2172 922 2251 itaque
962 2180 1018 2230 et
1059 2168 1423 2250 parentibus,
1450 2178 1569 2228 tam
1604 2167 1961 2229 naturalibus

109 2282 301 2343 quam
327 2262 600 2342 adoptivis
631 2262 691 2319 in
720 2260 960 2341 petenda
981 2259 1266 2323 bonorum
1293 2262 1647 2343 possessione
1674 2262 1813 2321 anni
1830 2280 1959 2342 spa-

113 2360 302 2427 tium,
333 2355 530 2415 ceteris
557 2362 782 2413 centum
811 2354 1032 2413 dierum
1065 2354 1239 2415 dedit.

201 2460 280 2511 8.
314 2451 384 2508 Et
418 2450 466 2508 si
499 2451 650 2507 intra
687 2448 795 2508 hoc
836 2457 1058 2530 tempus
1091 2447 1297 2530 aliquis
1332 2446 1618 2509 bonorum
1644 2450 1958 2530 possessio-

115 2563 264 2603 nem
288 2560 405 2601 non
431 2541 678 2622 petierit,
708 2540 962 2621 ejusdem
990 2539 1201 2622 gradus
1227 2541 1487 2620 personis
1516 2538 1817 2613 adcrescit;
1850 2541 1954 2612 vel,

118 2637 172 2695 si
201 2652 373 2695 nemo
401 2636 472 2693 sit
498 2631 791 2713 deinceps,
823 2634 1022 2693 ceteris
1058 2632 1296 2713 perinde
1331 2631 1615 2693 bonorum
1644 2635 1957 2713 possessio-

119 2745 264 2787 nem
288 2746 357 2787 ex
385 2726 727 2785 successorio
755 2724 934 2785 edicto
962 2724 1289 2807 pollicetur,
1331 2745 1397 2786 ac
1438 2728 1483 2785 si
1522 2727 1571 2785 is
1607 2728 1705 2806 qui
1747 2745 1959 2806 praece-

124 2820 299 2881 debat
327 2841 396 2880 ex
421 2840 489 2880 eo
515 2838 754 2880 numero
781 2837 897 2879 non
926 2829 1084 2879 esset.
1118 2820 1176 2880 Si
1204 2821 1333 2901 quis
1356 2822 1546 2899 itaque
1574 2818 1818 2880 delatam
1847 2822 1957 2881 sibi

125 2914 412 2975 bonorum
441 2912 852 2994 possessionem
885 2910 1291 2991 repudiaverit,
1326 2931 1441 2970 non
1477 2930 1772 2991 quousque
1808 2919 1957 2971 tem-

127 3030 239 3090 pus
275 3010 562 3069 bonorum
609 3006 947 3086 possessioni
999 3003 1339 3085 praelinitum
1384 3006 1704 3076 excesserit,
1748 3024 1957 3085 expec-

129 3113 306 3175 tatur,
349 3101 447 3161 scd
483 3102 672 3159 statim
707 3098 874 3157 ceteri
908 3116 978 3157 ex
1013 3096 1210 3158 eodem
1247 3097 1425 3158 edicto
1460 3095 1853 3157 admittuntur.
1891 3098 1957 3157 In

130 3194 370 3277 petenda
413 3202 606 3253 autem
651 3188 935 3251 bonorum
976 3192 1328 3273 possessione
1373 3190 1493 3249 dies
1538 3190 1703 3250 utiles
1750 3189 1958 3271 singuli

129 3288 578 3349 considerantur.
1648 3375 1675 3431 ι

1606 3378 1639 3431 2
