2292 3684
318 102 421 157 680
512 116 631 159 cm
655 118 797 159 ixsr.
826 118 877 156 c.
908 118 985 169 iv,
1010 103 1045 173 g
1072 106 1196 157 ⁴8¹7.
1237 116 1300 159 m
1323 118 1420 159 rus
1443 118 1568 159 voc.
1593 116 1974 159 nomem.

314 220 403 284 qui
423 220 640 283 judicem
670 221 976 285 corruperit,
1005 220 1490 286 corrumpendumve
1519 223 1786 273 curaverit.
1815 246 1886 258 --
1909 222 2004 271 Sed
2031 224 2082 273 et
2107 222 2152 270 si

312 301 469 362 iudex
491 302 869 353 constitutiones
900 303 1183 366 principum
1214 304 1490 366 neglexerit
1519 300 1742 365 punitur.
1766 328 1830 341 -
1857 304 1954 362 Qui
1983 304 2034 353 in
2070 316 2151 352 ra-

317 379 540 430 tionibus
558 417 573 442 ,
596 380 814 444 tabulis,
838 379 1061 443 cerisve,
1096 380 1176 431 vel
1202 382 1418 446 elingua
1447 394 1500 431 re
1526 382 1634 431 sine
1659 382 2029 444 consignatione
2053 382 2152 431 sal-

317 472 431 509 sum
452 459 691 519 feceriut,
716 459 798 509 vel
822 473 925 509 rem
950 460 1232 510 amoverint
1248 497 1263 524 ,
1293 461 1500 524 perinde
1522 473 1582 509 ex
1607 460 1687 511 his
1713 462 1908 523 causiS,
1928 462 2078 523 etque
2111 462 2156 510 si

316 540 458 587 erant
494 538 708 600 falsarii,
738 538 1033 601 puniuntur.
1072 540 1154 589 sic
1187 540 1237 589 et
1273 539 1418 589 divus
1463 544 1673 590 Severus
1697 540 1806 603 lege
1831 540 2058 590 cornelia
2091 540 2160 589 de

318 618 461 669 salsis
484 618 741 669 damnavit
770 618 1063 681 praet'ectum
1088 619 1308 683 AEgypti,
1329 617 1466 683 quod
1489 620 1836 670 instrumentis
1855 618 1981 680 suis,
1995 631 2162 681 quum

318 700 527 762 praeerat
541 699 841 761 provincias,
866 696 1045 748 falsum
1070 697 1332 749 fecit-Is
1350 733 1366 759 ,
1386 698 1473 761 qui
1495 698 1746 762 aperuerit
1770 698 1873 747 vivi
1891 700 2166 767 testamen-

318 778 428 827 tum
444 815 460 840 ,
484 777 606 841 legis
628 778 871 829 corneliae
886 790 1032 840 poena
1053 778 1272 828 tenetur.
1287 780 1411 827 —Is
1427 814 1444 840 ,
1466 776 1554 840 qui
1571 777 1802 841 deposita
1827 778 2166 827 instrumenta

318 854 449 921 apud
480 855 633 906 elium
670 857 733 906 sb
766 870 828 906 eo
864 856 1059 921 prodita
1092 869 1206 905 esse
1246 856 1545 907 adversariis
1581 858 1690 907 suis
1729 856 1883 919 dicit,
1921 870 2162 907 accusare

318 950 434 988 eum
482 935 600 986 falsi
642 937 825 999 potest.
854 960 917 974 —
939 934 1014 987 Ad
1066 937 1370 987 testamenta
1405 936 1624 986 militum
1669 936 2161 987 senatusconsultum

316 1016 559 1080 pertinet,
590 1028 690 1079 quo
723 1014 830 1077 lege
856 1014 1088 1065 cornelia
1108 1016 1346 1066 tenentur
1364 1051 1380 1078 ,
1413 1015 1500 1078 qui
1531 1014 1630 1064 sibi
1655 1015 1874 1077 legatum
1911 1015 2166 1065 fideicom-

318 1096 589 1145 missumve
617 1094 1221 1158 adscripserint—Inter
1243 1094 1404 1145 fllium
1418 1131 1433 1157 ,
1460 1096 1513 1144 et
1535 1108 1738 1144 servum
1753 1132 1770 1157 ,
1793 1095 1847 1145 et
1867 1097 2168 1145 extraneum

318 1178 677 1227 testamentum
700 1174 975 1225 scribentes
998 1176 1097 1226 boc
1118 1176 1356 1237 interest,
1378 1174 1516 1238 qnod
1539 1175 1590 1224 in
1615 1177 1884 1235 extraneo,
1905 1176 1946 1224 si
1969 1174 2166 1238 specie-

319 1256 435 1307 liter
458 1256 758 1318 subscriptio
782 1256 915 1306 rscta
940 1260 1019 1307 est
1044 1276 1055 1305 :
1081 1269 1209 1316 ouon
1235 1270 1329 1305 ιιιι
1353 1269 1576 1317 nic-rm,
1609 1270 1668 1305 ιτ
1695 1269 1992 1317 necocsovi„
2017 1270 2168 1319 poena

318 1339 507 1398 cessat,
532 1337 582 1385 et
602 1336 713 1399 cepi
747 1336 948 1399 potest;
978 1335 1031 1385 in
1056 1334 1162 1385 tilio
1184 1336 1266 1387 vel
1299 1348 1445 1386 servo
1481 1336 1560 1385 vel
1587 1336 1835 1399 generalis
1863 1336 2168 1399 subscriptio

320 1416 510 1467 sufficit
529 1415 659 1465 etad
681 1428 875 1479 poenam
900 1414 1187 1465 evitandam
1203 1452 1219 1477 ‚
1247 1420 1298 1465 et
1321 1415 1382 1465 ad
1406 1414 1804 1477 capiendum.—
1823 1420 1895 1465 Ex
1921 1416 2010 1466 ills
2034 1429 2165 1479 quo-

320 1509 419 1559 que
451 1510 603 1546 causa
636 1496 747 1545 sslsi
770 1506 929 1558 poenae
956 1494 1071 1557 quis
1106 1494 1406 1557 subjicitur,
1435 1497 1494 1545 ut
1521 1494 1625 1545 divi
1658 1509 1858 1558 quoque
1881 1498 2096 1546 Severus
2117 1506 2172 1548 et

320 1576 605 1627 Antoninus
632 1574 1038 1635 constituerunt,
1060 1579 1115 1623 ut
1130 1574 1352 1637 tutores,
1373 1576 1425 1623 et
1449 1575 1735 1635 curatores,
1765 1576 1918 1637 ethi,
1942 1576 2030 1639 qui
2046 1578 2172 1627 offi-

321 1658 401 1706 cio
439 1654 668 1719 deposito
700 1667 801 1704 non
828 1654 1159 1704 restituerunt
1182 1652 1391 1703 tutelam
1425 1656 1504 1704 vel
1531 1654 1867 1715 curationem,
1891 1668 2006 1705 cum
2043 1656 2171 1709 fisco

322 1734 615 1785 contrahere
636 1746 736 1783 non
764 1732 990 1796 possint,
1020 1744 1080 1780 ac
1102 1732 1150 1781 si
1171 1732 1286 1794 quis
1309 1730 1549 1781 adversus
1579 1732 1708 1781 hanc
1731 1730 1890 1793 legem
1915 1734 2171 1797 profectus

324 1813 497 1863 aererio
515 1812 820 1874 obrepserit,
844 1811 903 1860 ut
929 1809 1135 1873 perinde
1163 1809 1428 1873 puniatur,
1448 1822 1506 1857 sc
1533 1809 1576 1858 si
1597 1808 1780 1859 falsum
1809 1812 2166 1865 commisisset.

326 1918 388 1930 —
406 1892 501 1943 Sed
526 1890 732 1941 edaeillos
743 1889 839 1940 hcc
866 1902 967 1939 non
988 1888 1239 1951 pertinet,
1264 1890 1320 1937 ut
1334 1886 1486 1938 iidem
1499 1886 1752 1951 principes
1777 1893 2170 1957 rescripserunt,

322 1972 438 2037 qui,
470 1974 586 2021 ante
617 1982 770 2033 quam
803 1967 1012 2019 tutelam
1050 1967 1393 2031 susciperent,
1432 1968 1536 2017 haec
1575 1969 1868 2031 gesseram
1901 1982 1994 2019 nec
2032 1974 2172 2021 enim

320 2052 670 2103 excusationes
694 2048 988 2111 admisisse,
1014 2048 1104 2098 sed
1133 2047 1334 2098 fraudes
1359 2048 1636 2097 exclusisse
1665 2048 2170 2101 videntur.-1idem

323 2130 577 2194 principes
601 2128 992 2193 rescripserunt,
1009 2128 1081 2176 ite
1106 2126 1310 2176 demum
1336 2139 1484 2189 eum,
1510 2126 1594 2190 qui
1624 2126 1872 2178 rationem
1898 2129 2074 2179 tutelae
2091 2131 2174 2181 vel

324 2224 459 2261 curae
474 2209 700 2259 nondum
712 2206 930 2258 reddidit
948 2244 963 2269 ,
986 2220 1104 2256 cum
1128 2205 1250 2255 fisco
1271 2206 1568 2256 contrahere
1591 2220 1692 2256 non
1719 2206 1902 2257 debere
1917 2242 1934 2267 ,
1964 2208 2010 2257 si
2029 2209 2174 2261 vivet

324 2284 399 2347 is,
424 2284 503 2346 cuj
512 2298 571 2333 us
593 2286 753 2334 tutela
774 2281 1120 2332 administrata
1138 2283 1217 2331 est
1229 2297 1246 2343 ;
1269 2294 1388 2331 nam
1408 2279 1453 2331 si
1473 2280 1775 2345 decesserit,
1803 2281 1922 2331 licet
1945 2283 2174 2333 nondum

322 2363 496 2415 heredi
532 2364 640 2427 ejus
672 2364 917 2413 rationem
948 2360 1245 2429 reddiderit,
1281 2362 1393 2423 iure
1425 2372 1541 2410 eum
1570 2360 1880 2413 contrahere.
1909 2386 1972 2401 -
2002 2362 2098 2411 Sed
2127 2362 2177 2411 si

322 2444 434 2507 jure
466 2443 767 2494 hereditario
810 2444 1172 2492 successerunt
1194 2441 1245 2491 in
1287 2440 1510 2491 fiscalem
1551 2440 1868 2491 contractum
1914 2444 2054 2493 tutor
2096 2443 2188 2491 vet

324 2526 554 2588 curator,
582 2524 702 2575 licet
741 2525 859 2573 ente
900 2522 1145 2572 rationem
1181 2520 1457 2582 redditam,
1490 2533 1593 2571 non
1627 2522 1751 2584 puto
1779 2534 1975 2585 poenem
2009 2520 2183 2571 locum

326 2603 512 2654 habere
526 2642 540 2666 ,
556 2602 677 2654 licet
694 2601 1011 2652 adhucvivat
1030 2600 1072 2649 is
1090 2637 1107 2663 ,
1128 2600 1275 2663 cujus
1293 2600 1452 2650 tutela
1473 2599 1556 2650 vel
1579 2612 1698 2649 curs
1718 2597 2066 2649 administrate
2077 2604 2180 2650 est.

328 2709 392 2722 -
419 2686 571 2733 Poena
600 2682 713 2731 falsi
738 2680 819 2731 vel
845 2678 991 2742 quasi
1018 2677 1129 2727 [sisi
1157 2678 1439 2743 deportatio
1465 2681 1573 2741 est,
1603 2679 1654 2727 et
1677 2676 1906 2727 omnium
1927 2677 2182 2728 bonorum

328 2762 632 2828 publicatio;
666 2762 719 2812 et
744 2761 788 2810 si
822 2772 1000 2811 servus
1026 2772 1203 2809 eorum
1239 2758 1362 2822 quid
1399 2757 1692 2827 admiserit,
1719 2758 1901 2809 ultimo
1925 2760 2184 2825 supplicio

327 2844 483 2895 adfici
493 2843 719 2908 jubetur.

662 2948 985 3007 uincimus,
1022 2944 1114 2995 lib.
1149 2946 1282 2995 XIV
1311 2944 1720 2995 Institutionum
1745 2942 1839 3007 (ι).

398 3041 529 3099 Lege
554 3036 689 3086 Julie
716 3035 779 3086 de
810 3034 862 3083 vi
896 3032 1098 3099 publica
1126 3036 1367 3095 tenetur,
1405 3034 1490 3095 qul
1521 3042 1693 3094 arina,
1721 3032 1858 3096 tela,
1879 3032 2022 3083 dmi
2038 3046 2185 3096 suae,

340 3138 484 3148 ——u
492 3140 683 3149 --w-

399 3136 1382 3254 (1)L1L3pr5516L.⁴›p
1409 3136 1722 3240 ξῇιέῦ
1743 3166 2188 3237 Adleemlliam

337 3244 392 3290 de
419 3243 468 3288 vi
493 3240 673 3304 publice
662 3242 900 3303 e‚(xi.v1n
927 3244 995 3305 6).
1021 3239 1076 3289 L
1116 3248 1157 3297 l,
1185 3254 1283 3302 pn,
1297 3212 1444 3305 551,
1467 3243 1515 3294 2,
1543 3242 1627 3293 D..
1655 3240 1734 3283 Ad
1759 3240 1898 3301 teqem
1883 3238 2105 3283 thaliam
2135 3242 2192 3282 do

342 3305 813 3367 viprivara(xi.vm‚
838 3304 915 3365 7).
