2292 3684
219 49 375 92 sus-1⁸.
407 49 557 90 ms'r.
590 49 640 90 1..
671 49 758 102 111,
799 48 852 89 τ.
880 50 1040 92 xxix.
1081 50 1237 100 oms.
1268 50 1403 90 uon.
1440 48 1563 90 ont..
1595 49 1880 92 τοιιιτυιι.
1921 39 2025 92 509

263 152 390 223 Quo
417 171 654 233 genere,
688 161 750 210 ut
783 150 1055 225 diximus,
1099 160 1320 213 tantum
1358 171 1433 212 eoe
1475 151 1771 240 solvuntur
1806 151 2025 236 obliga-

179 247 366 306 tiones
405 265 532 325 quoe
561 265 628 303 ex
663 243 850 304 verbis
882 247 1221 315 consistunt,
1256 265 1373 303 non
1399 248 1572 306 >etiam
1602 254 1809 306 coeterae
1842 269 1855 305 ε
1896 265 2031 306 eon-

183 350 525 400 sentaneum
567 339 721 398 enim
761 341 944 414 visum
985 347 1092 410 est,
1143 338 1329 398 verbis
1374 337 1583 398 factam
1625 337 2029 420 obligationem

186 431 315 491 aliis
344 451 513 512 posse
539 429 729 492 verbis
757 431 1009 492 dissolvi.

269 525 381 584 Sed
410 533 466 584 et
492 523 552 583 id
580 523 731 604 quod
759 523 870 583 alia
896 543 965 586 ex
992 543 1163 584 causa
1201 523 1455 597 debetur,
1488 531 1669 604 potest
1694 526 1755 585 in
1790 525 2028 606 stipula—

181 617 404 676 tIonem
431 615 666 690 deduci,
699 625 752 676 et
779 635 885 698 per
911 617 1400 699 aceeptilationem
1430 616 1672 678 dissolvi.

273 1079 430 1139 Sicut
467 1087 657 1140 autem
693 1080 845 1162 quod
872 1080 1126 1154 debetur,
1158 1101 1265 1162 pro
1297 1089 1457 1162 parte
1485 1091 1635 1142 recte
1670 1083 1920 1156 solvitur,
1956 1087 2034 1144 ita
2088 1130 2101 1154 ,

183 1173 254 1232 in
284 1181 509 1254 partem
534 1171 712 1233 debiti
736 1172 1084 1254 acceptilatio
1110 1171 1233 1232 fieri
1257 1183 1455 1254 potest.

270 1499 336 1550 D.
389 1489 488 1550 Est
528 1489 750 1568 prodita
792 1485 1080 1568 stipulatio
1120 1507 1245 1568 quoe
1279 1484 1450 1568 vulgo
1487 1485 1792 1568 Aquiliana
1831 1487 2037 1569 appel-

185 1581 360 1657 latur,
383 1601 487 1665 per
506 1601 679 1664 quam
701 1581 1126 1662 stipulationem
1147 1583 1451 1661 contingit,
1478 1589 1541 1639 ut
1562 1584 1821 1642 omnium
1842 1602 2033 1642 rerum

186 1674 467 1757 obligatio
503 1677 564 1733 in
601 1673 932 1756 stipulatum
969 1673 1293 1744 deducatur,
1326 1682 1381 1734 et
1417 1693 1483 1732 ea
1522 1693 1624 1754 per
1659 1674 2037 1754 acceptilatio-

188 1787 330 1828 ηοω
357 1765 623 1838 tollatur,
657 1766 944 1850 stipulatio
974 1767 1126 1826 enim
1155 1763 1459 1846 Aquiliana
1486 1776 1655 1825 novat
1678 1785 1875 1827 omnes
1896 1766 2039 1827 obli-

187 1862 449 1943 gationes
469 1905 486 1932 ,
515 1870 572 1920 et
597 1880 632 1918 a
660 1859 820 1920 Gallo
850 1858 1078 1939 Aquilio
1105 1859 1185 1918 ita
1205 1858 1519 1938 composita
1544 1869 1625 1918 est
1650 1881 1663 1918 :
1694 1884 1719 1914 a
1750 1859 2037 1942 Quidquid

189 1963 250 2012 te
291 1951 436 2012 mihi
473 1973 544 2012 ex
577 1971 936 2033 quacumque
973 1971 1146 2010 eausa
1185 1949 1321 2009 dare
1359 1949 1545 2010 facere
1578 1959 1831 2034 oportet,
1875 1972 2041 2034 opor·

193 2043 370 2118 tebit,
400 2061 680 2126 presens,
710 2045 772 2102 in
797 2043 1042 2117 diemre,
1076 2063 1433 2124 quarumque
1461 2063 1655 2104 rerum
1680 2043 1826 2104 mihi
1855 2055 2038 2104 tecum

194 2139 370 2209 aetio,
421 2155 657 2220 quaeque
695 2134 799 2195 abs
833 2145 892 2196 te
925 2138 1153 2217 petitio,
1196 2133 1284 2194 rel
1322 2135 1591 2196 adversus
1629 2143 1683 2194 te
1723 2139 2061 2216 persecutio,

189 2237 294 2303 est,
323 2231 518 2304 eritve,
549 2229 774 2311 quodve'
794 2239 854 2290 tu
883 2249 1078 2289 meum
1107 2228 1305 2300 habes,
1334 2237 1509 2300 tenes,
1543 2229 1811 2310 possides,
1842 2228 2040 2291 dolove

189 2325 350 2387 malo
390 2325 570 2386 fecisti
616 2328 920 2408 quominus
956 2325 1243 2408 possideas
1278 2347 1291 2383 :
1333 2327 1529 2406 quanti
1569 2345 1805 2406 quoeque
1840 2345 2037 2386 earum

186 2439 386 2478 rerum
409 2437 502 2478 res
529 2421 662 2492 erit,
693 2428 910 2480 tantam
937 2419 1237 2500 pecuniam
1271 2416 1394 2477 dari
1424 2418 1725 2502 stipulatus
1753 2428 1834 2478 est
1860 2419 2039 2478 Aulus

187 2511 465 2593 Agerium
512 2512 817 2594 spopondit
851 2514 1155 2574 Numerius
1198 2511 1481 2592 Negidius.
1533 2514 1670 2572 ltem
1708 2533 1777 2572 ex
1820 2511 2039 2574 diverso

192 2604 499 2663 Numerius
536 2603 806 2685 Negidius
847 2604 1209 2684 interrogavit
1248 2603 1459 2662 Aulum
1500 2602 1768 2684 Agerium
1801 2627 1815 2664 z
1857 2603 2039 2678 Quid-

195 2697 336 2779 quid
363 2696 471 2757 tibi
497 2695 778 2757 hodierno
805 2696 896 2756 die
922 2717 1026 2778 per
1051 2695 1416 2777 Aquilianam
1450 2697 1873 2780 stipulationem
1900 2719 2039 2780 spo-

195 2789 376 2873 pondi
397 2837 414 2864 ,
469 2789 530 2849 id
585 2809 755 2850 omne
805 2789 1056 2852 habesne
1109 2789 1451 2870 acceptum?
1508 2791 1797 2874 respondit
1862 2793 2043 2853 Aulus

197 2882 440 2964 Agerius
474 2904 489 2941 :
521 2881 746 2957 Habeo,
779 2890 1185 2964 acceptumque
1214 2880 1337 2941 tuli.
1370 2905 1396 2937 ο
