2292 3684
244 53 402 96 sos-r.
431 53 580 96 uns-r.
609 57 662 98 ι..
691 55 781 113 m,
819 57 874 99 τ.
899 57 1062 98 xxix.
1100 56 1253 105 omn.
1283 55 1418 99 uon.
1453 55 1575 98 ost..
1607 55 1898 98 moturos.
1944 43 2039 97 5⁴⁴

273 1749 341 1802 8.
397 1737 676 1800 proterea
717 1740 1018 1802 novatione
1057 1737 1273 1800 tollitur
1316 1737 1614 1822 obligatio,
1663 1737 1834 1798 voluti
1878 1739 1926 1799 si
1972 1738 2030 1801 id

190 1833 349 1916 quod
376 1843 438 1894 tu
466 1835 593 1895 Seio
621 1833 826 1895 debeas
846 1880 861 1906 ,
897 1855 929 1894 a
962 1835 1107 1895 Titio
1135 1834 1261 1895 dari
1295 1835 1594 1916 stipulatus
1635 1835 1734 1905 sit3
1771 1853 1907 1893 nam
1940 1837 2027 1893 in-

189 1936 450 1988 terventu
479 1947 920 2009 novae,personoe
946 1945 1094 1986 nova
1121 1929 1374 1986 nascitur
1404 1926 1673 2008 obligatio
1692 1970 1709 2002 ,
1752 1934 1807 1984 et
1843 1927 2029 2006 prima

190 2021 412 2082 tollitur
445 2021 718 2082 translata
751 2027 810 2081 in
849 2025 1249 2103 posteriorem,
1285 2022 1424 2081 adeo
1459 2030 1522 2082 ut
1555 2019 1866 2093 interdum,
1898 2018 2029 2081 licet

190 2121 475 2198 posterior
519 2115 804 2198 stipulatio
839 2116 1052 2176 inutilis
1097 2118 1201 2188 sit,
1250 2124 1441 2174 tamen
1483 2117 1672 2195 prima
1710 2117 2027 2174 novationis

181 2217 318 2288 jure
343 2209 596 2276 tollatur.
641 2209 808 2270 veluti
839 2211 886 2268 si
913 2206 970 2268 id
999 2207 1150 2289 quod
1178 2216 1235 2267 tu
1263 2209 1407 2268 Titio
1435 2205 1707 2282 debebaS,
1740 2227 1775 2266 a
1800 2207 2025 2289 pupillo

71 2290 82 2296 ”
189 2305 314 2362 sine
359 2303 561 2362 tutoris
615 2302 939 2361 auctoritate
983 2299 1283 2381 stipulatus
1330 2299 1516 2361 fuerit.
1570 2300 1693 2372 Quo
1743 2319 1877 2360 casu
1932 2319 2023 2360 res

189 2399 500 2470 amittitur3
545 2417 682 2456 nam
726 2406 781 2455 et
827 2399 984 2475 prior
1032 2394 1255 2454 debitor
1297 2393 1589 2468 liberatur,
1644 2402 1699 2454 et
1745 2397 2025 2476 posterior

187 2489 462 2571 obligatio
508 2485 668 2548 nulla
705 2498 802 2550 est.
851 2489 974 2547 Non
1013 2487 1162 2546 idem
1193 2488 1339 2567 juris
1376 2496 1487 2560 est,
1537 2488 1586 2546 si
1621 2507 1655 2546 a
1689 2507 1847 2547 servo
1894 2488 2021 2569 quis

183 2583 359 2642 fuerit
384 2581 710 2662 stipulatus:
739 2599 874 2640 nam
900 2590 1035 2639 tuno
1065 2582 1221 2660 prior
1244 2580 1479 2660 perinde
1502 2579 1783 2662 obligatus
1802 2589 2014 2654 manet,

187 2693 254 2735 ao
281 2675 330 2735 si
357 2683 555 2756 postea
581 2673 770 2734 nullus
798 2673 1096 2755 'stipulatus
1128 2673 1343 2735 fuisset.

267 2859 376 2921 Sed
412 2863 459 2920 si
501 2859 696 2922 endem
735 2879 977 2942 persona
1017 2861 1088 2919 sit
1126 2881 1160 2920 a
1195 2881 1309 2942 ,qua
1345 2869 1541 2943 postea
1580 2859 1891 2942 stipularis,
1936 2862 2017 2922 ito

187 2953 417 3012 demum
446 2955 670 3013 novatio
698 2953 790 3026 fit,
821 2956 869 3013 si
895 2953 1075 3033 quid
1060 2973 1118 3012 m
1152 2955 1464 3034 posteriore
1490 2953 1851 3036 stipulatione
1882 2957 2016 3014 novi

188 3049 283 3120 sit,
325 3047 468 3106 forte
503 3049 549 3106 si
586 2997 862 3120 conditio,
903 3057 1000 3106 out
1036 3047 1186 3122 dies,
1231 3058 1326 3108 aut
1366 3047 1666 3128 fidejussor
1712 3049 2035 3128 adjiciatur

191 3149 282 3198 aut
312 3137 656 3201 detrahatur.
