2292 3684
381 91 534 133 Jusr.
565 90 707 133 um.
739 89 791 131 ι..
826 89 903 141 iv,
936 88 989 128 r.
1022 87 1147 130 xm.
1192 87 1264 153 ne
1293 84 1750 127 exenni-ioniam.
1881 70 1986 128 636

627 244 746 304 Τιτ.
782 242 920 302 xln.
961 242 1044 301 ΒΕ
1084 259 1498 301 excamiomeus.

214 372 491 452 Sequitur
531 380 593 431 ut
634 371 702 433 de
743 370 1167 454 exceptionibus
1207 372 1594 453 dispiciamus.
1635 372 1985 455 Comparatae

128 474 335 525 autem
364 475 497 535 sunt
522 466 878 547 exceptiones
901 464 1384 527 defendendorum
1413 485 1611 527 eorum
1637 468 1822 547 gratia
1849 488 1978 527 cum

126 558 355 638 quibus
382 562 581 641 agit'ur.
615 560 772 641 Saepe
798 562 951 621 enim
981 558 1208 631 accidit,
1245 552 1332 630 ut,¹
1361 556 1490 619 licet
1515 561 1638 641 ipsa
1666 562 1980 641 persecutio

128 672 256 731 qua
294 659 451 713 actor
486 648 773 733 experitur
813 655 963 735 justa
1002 653 1100 726 sit,
1131 661 1324 713 tumen
1367 653 1565 733 iniqua
1608 655 1679 713 sit
1719 652 1984 715 adversus

127 764 273 804 eum
300 765 431 805 cum
461 767 573 829 quo
602 748 803 831 agitur.

224 848 293 900 Ι.
329 838 511 901 Verbi*
540 844 751 923 gratia,
798 842 846 905 ei
886 846 1039 900 metu
1088 848 1340 913 coactus,
1371 849 1469 899 aut
1512 838 1640 905 dolo
1685 840 1978 913 inductus,

130 940 237 995 aut
284 952 479 993 errore
516 931 741 1017 lapsus,
784 931 1073 1015 stipulanti
1118 932 1264 991 Titio
1311 932 1619 1017 promisisti
1663 930 1814 1015 quod
1864 951 1983 993 non

131 1021 446 1102 debueras,
479 1026 669 1107 paiam
698 1033 781 1086 est
800 1027 929 1106 jure
956 1021 1104 1084 civili
1135 1032 1190 1085 te
1217 1020 1530 1107 obligatum
1556 1045 1699 1099 esse,
1727 1033 1782 1085 et
1811 1025 1976 1097 actio,

130 1137 255 1195 qua
289 1117 602 1177 intenditur
636 1116 771 1181 dare
809 1126 861 1177 te
896 1124 1188 1198 oportere,
1221 1116 1419 1177 efficax
1447 1106 1560 1189 est3
1593 1116 1689 1178 sed
1717 1118 1979 1201 iniquum

130 1218 223 1270 est
272 1220 326 1271 te
380 1212 746 1273 condemnari
783 1234 795 1270 ε
840 1208 1076 1291 ideoque
1123 1209 1292 1271 datur
1339 1208 1445 1272 tibi
1496 1213 1748 1291 exceptio
1795 1218 1980 1271 metus

131 1324 313 1365 causa
331 1349 347 1379 ‚
371 1316 469 1364 aut
493 1305 607 1364 doli
636 1304 804 1379 mali,
832 1312 928 1365 aut
956 1306 1015 1363 in
1048 1302 1258 1362 suctum
1285 1305 1625 1385 composita,
1659 1304 1731 1363 ad
1759 1306 1982 1387 impug-

132 1398 393 1458 nandam
422 1402 718 1460 actionem.
1933 1470 1944 1481 ⁸

218 1503 290 1553 π.
322 1492 475 1552 Idem
506 1494 653 1571 juris
691 1500 797 1563 est,
838 1494 886 1551 si
923 1493 1050 1571 quis
1092 1492 1254 1571 quasi
1298 1487 1561 1569 credendi
1597 1511 1772 1551 causa
1805 1510 1977 1572 pecu·

137 1586 296 1643 niam
326 1585 627 1664 stipulatus
661 1584 854 1656 fuerit,
888 1604 1071 1663 neque
1100 1585 1421 1641 numeravit
1451 1603 1464 1641 :
1497 1604 1630 1644 nam
1661 1604 1784 1643 eam
1814 1603 1984 1664 pecu-

140 1679 299 1735 niam
346 1698 379 1735 a
418 1686 473 1736 te
516 1686 703 1757 petere
747 1696 910 1756 posse
958 1696 1089 1734 eum
1140 1683 1354 1735 certum
1397 1684 1505 1748 est,
1550 1676 1684 1735 dare
1732 1678 1883 1735 enim
1928 1684 1982 1734 te

138 1780 550 1850 oportet,·cum
590 1791 659 1829 ex
695 1768 1056 1849 stipulatione
1098 1770 1370 1839 teneat-in
1413 1768 1510 1829 sed
1544 1771 1678 1850 quia
1720 1769 1984 1849 iniquum

144 1872 228 1922 est
252 1884 317 1923 eo
348 1866 577 1923 nomine
602 1872 657 1923 te
686 1861 1079 1935 condemnari,
1113 1860 1296 1942 placet
1326 1881 1428 1941 per
1455 1864 1841 1944 exceptionem
1879 1882 1978 1944 pe-

146 1957 321 2015 cuniae
350 1976 467 2015 non
494 1948 808 2015 numeratoe'
829 1963 881 2014 te
908 1952 1131 2013 defendi
1163 1952 1383 2013 debere.

223 2049 397 2128 Cujus
436 2059 695 2130 tempora
730 2068 862 2119 nos,
895 2048 1207 2109 secundum
1247 2045 1397 2129 quod
1431 2048 1552 2127 jam
1579 2046 1976 2129 superioribus

141 2140 302 2201 libris
338 2144 608 2223 scriptum
642 2151 753 2212 est,
787 2143 1184 2202 constitutione
1213 2152 1408 2200 nostra
1441 2142 1522 2221 (l)
1551 2140 1972 2201 coarctavimus.

222 2248 287 2299 8.
320 2238 593 2299 Praeterea
615 2237 859 2311 debitor,
886 2239 933 2297 si
962 2246 1161 2317 pactus
1190 2236 1360 2297 suerit
1385 2257 1514 2297 cum
1541 2238 1810 2296 creditore
1839 2258 1912 2297 ne
1941 2260 1976 2297 a

143 2352 203 2393 se
226 2340 533 2413 peteretur,
557 2324 937 2391 nihilominus
950 2328 1232 2411 obligatus
1259 2339 1476 2402 manet,
1501 2334 1636 2413 quia
1657 2339 1824 2413 paeto
1845 2350 1978 2391 eon-

140 2434 309 2486 vento
349 2424 721 2507 obligationes
768 2444 883 2485 non
930 2421 1258 2485 oinnimodo
1305 2422 1706 2483 dissolvuntur.
1740 2423 1864 2494 Qua
1909 2424 1980 2485 de

142 2539 311 2580 causa
348 2518 547 2579 efficax
581 2526 665 2578 est
700 2516 965 2579 adversus
1002 2536 1133 2578 eum
1171 2518 1318 2576 ectio
1353 2536 1470 2597 qua
1507 2526 1668 2577 notor
1691 2516 1974 2577 intendit:

140 2628 191 2671 si
222 2626 381 2674 raam
416 2626 527 2670 :uu
560 2626 699 2673 neas
730 2624 1017 2679 oron-ream
1053 2605 1160 2677 ‚aed
1195 2608 1330 2685 quia
1364 2607 1626 2686 iniquum
1663 2614 1750 2666 est
1781 2616 1980 2667 contre

142 2706 455 2783 pactionem
478 2723 609 2762 eum
630 2700 917 2773 damnari,
947 2698 1269 2759 defenditur
1290 2718 1397 2779 per
1417 2701 1804 2779 exceptionem
1829 2701 1980 2780 pacti

144 2800 413 2859 conventi.

221 2902 283 2953 4.
310 2892 493 2971 AEque
516 2890 565 2949 si
590 2888 811 2951 debitor
839 2874 1115 2949 cmditoie
1138 2886 1420 2947 referente
1439 2888 1718 2966 juraverit
1743 2886 1892 2947 nihil
1917 2908 1978 2953 ae

148 2984 277 3048 dare
308 2992 599 3065 oportere,
638 2982 825 3042 adhuc
852 2978 1163 3063 obligatus*
1185 2988 1514 3061 permanen
1557 2980 1658 3041 aed
1691 2983 1828 3063 quia
1861 2982 1978 3047 ini·-

148 3098 317 3160 qaum
352 3085 438 3138 est
471 3076 541 3136 de
576 3077 827 3159 perjurio
854 3076 1057 3156 quari,
1087 3072 1410 3136 defenditur
1449 3092 1554 3153 μοι·
1590 3076 1975 3156 exception-n

1004 3212 1272 3224 ——u—

516 3216 715 3227 uun—*—

210 3284 271 3348 (t)
305 3284 361 3332 L.
387 3284 460 3339 u,
492 3285 563 3355 q„
594 3286 655 3331 De
682 3294 769 3329 non
802 3296 922 3330 mm.
950 3296 1049 3341 pcc.
