2292 3684
786 148 865 189 nn
905 146 1328 188 noxummncs.
1777 174 1790 183 .
1873 132 1978 187 945

102 238 133 308 .’
188 292 1045 311 ..............
1092 269 1119 307 a
1165 234 1304 307 adeo
1351 244 1722 307 emolumenti
1759 244 1976 304 tribuat

106 390 121 401 .
196 384 784 403 ..........
824 342 963 413 zles,
996 341 1150 420 quod
1191 342 1297 401 tihi
1329 362 1398 401 ex
1437 342 1612 421 patris
1651 338 1822 399 rebus
1846 342 1976 419 jure

106 482 121 493 .
201 479 605 494 .......
633 432 672 495 ’.
725 483 737 494 .
793 482 805 493 .
860 442 1250 506 .res,tuorum
1269 433 1750 513 inquietudinem,
1785 432 1973 510 siqua

106 574 121 585 .
200 572 753 587 .........
792 530 1150 605 portionem,
1183 546 1306 604 quoe
1349 524 1452 583 tibi
1489 546 1558 586 ex
1595 526 1761 584 bonis
1801 525 1976 603 patris

109 664 129 679 .
196 654 1152 685 ...............
1189 636 1286 675 um
1329 614 1584 693 voluntas
1607 635 1977 697 perseverans
2027 652 2032 659 -

111 758 127 769 .
198 755 745 771 .........
781 718 821 779 t,
856 707 942 767 vel
978 710 1147 768 etiam
1181 706 1344 767 fundi
1383 728 1449 766 ex
1478 712 1720 786 pecunia
1747 728 1782 768 a
1817 718 1978 787 patre

110 852 127 861 .
192 846 1008 863 ..............
1042 822 1099 861 m
1130 801 1232 860 tibi
1261 800 1483 871 tradita,
1516 821 1582 860 ac
1611 802 1975 881 postmodum

114 928 153 955 .·
194 940 929 957 ............
976 894 1041 951 tit
1070 893 1218 953 sacta
1244 912 1585 963 numerans,
1621 894 1772 972 quod
1800 913 1978 975 penes

118 1034 135 1047 .
200 1032 1115 1051 ...............
1161 988 1277 1047 dat.
1319 986 1411 1046 111.
1451 984 1568 1045 kal.
1603 985 1720 1047 Oct.
1755 988 1978 1047 Verona
2029 1029 2034 1039 ·
2135 1048 2159 1077 ι

162 1166 173 1175 ’
210 1184 388 1236 291.
439 1221 453 1233 .
507 1220 519 1233 .
572 1219 587 1233 .
618 1172 990 1235 donationem
1023 1174 1083 1231 in
1115 1181 1169 1230 te
1198 1171 1510 1243 conlatam,
1545 1171 1674 1232 licet
1699 1174 1758 1231 in
1787 1182 1980 1252 potes-

118 1276 264 1328 tate.
316 1314 329 1326 .
378 1265 397 1327 .’
436 1312 453 1327 .
500 1310 514 1324 .
558 1312 573 1325 .
613 1311 628 1326 .
676 1311 693 1326 .
750 1312 761 1325 .
816 1309 829 1324 .
870 1267 937 1325 in
974 1262 1127 1325 diem
1155 1266 1524 1325 novissimum
1547 1266 1688 1323 'vitoe
1723 1264 1982 1325 voluntas

125 1403 827 1420 ............
862 1376 964 1416 are
999 1378 1013 1414 t
1046 1376 1182 1415 nam
1216 1364 1276 1415 tu
1303 1376 1500 1416 eorum
1528 1376 1652 1437 quoe
1681 1355 1978 1437 praetulisti

102 1494 983 1513 ...............
1010 1449 1109 1507 fiat
1131 1457 1330 1508 contra
1357 1447 1700 1509 voluntatem
1730 1449 1986 1509 defuncti

126 1588 601 1605 ........
650 1592 665 1605 .,
718 1590 731 1601 .
786 1590 799 1602 .
848 1586 862 1601 .
914 1588 927 1599 .
975 1540 1265 1603 arbitrum
1301 1541 1564 1601 divisioni
1595 1540 1893 1622 debit,qui
1921 1545 1984 1601 iu

132 1683 411 1700 .....
429 1660 437 1666 ·
466 1685 479 1697 .
532 1684 544 1697 .
597 1684 609 1696 .
656 1682 669 1695 .
718 1682 731 1694 .
787 1684 799 1696 .
854 1682 866 1695 .
916 1680 928 1695 .
982 1682 995 1697 .
1047 1680 1061 1693 .
1097 1643 1221 1695 tare
1248 1635 1494 1709 debebit,
1529 1644 1589 1695 ut
1622 1635 1724 1694 tibi
1755 1638 1872 1695 istae
1892 1656 1984 1697 rea

126 1782 141 1795 .
197 1781 212 1796 .
262 1781 275 1795 .
329 1770 343 1793 .·
395 1778 864 1794 ........
888 1734 1089 1811 portio
1128 1731 1446 1813 exlegibus
1484 1732 1555 1791 ab
1588 1735 1850 1791 intestato
1879 1731 1982 1791 de·

128 1829 255 1891 bita
263 1869 601 1888 ......
636 1844 655 1857 “
656 1868 1111 1885 ........
1149 1824 1257 1883 ΡΡ.
1301 1824 1364 1884 V.
1408 1822 1526 1885 kai.
1559 1824 1690 1883 Jan.
1723 1823 1982 1883 Treveris

132 1960 677 1982 .........
714 1918 781 1977 ΙΙ.
816 1936 997 1975 conss.

212 2022 364 2072 ἐκ
371 2052 847 2070 ........
882 2007 1119 2069 donatio
1145 2008 1378 2088 quidem
1407 2030 1442 2069 a
1481 2018 1640 2089 patre
1675 2011 1735 2067 in
1771 2007 1984 2067 filium-

112 2103 389 2187 samih'as
415 2102 628 2164 collata
655 2106 779 2182 ipso
789 2104 934 2184 jure
963 2111 1101 2163 rata
1127 2122 1248 2163 non
1280 2112 1398 2179 est,
1392 2124 1406 2139 ·
1433 2102 1588 2184 quod
1615 2103 1663 2163 si
1693 2105 1752 2161 in
1787 2102 1985 2161 eadem

134 2198 425 2259 voluntate
450 2208 614 2279 pater
652 2240 1259 2258 ..........
1311 2199 1682 2257 novissimam
1721 2195 1984 2256 voluutas

136 2310 311 2371 quam
354 2294 413 2349 in
442 2299 659 2351 extrem
704 2336 719 2349 .
771 2335 784 2348 .
812 2334 851 2353 ,.
900 2334 915 2348 .
967 2334 981 2349 .
1035 2334 1048 2347 .
1097 2290 1285 2368 portio
1313 2310 1437 2368 quae
1481 2289 1554 2348 ab
1589 2292 1854 2349 intestato
1881 2288 1981 2347 do-

135 2384 322 2455 betur,
356 2381 607 2442 inlibata
621 2390 888 2443 servetur.
921 2382 1093 2440 Juxta
1121 2400 1247 2461 quae
1272 2382 1365 2441 adi
1393 2391 1768 2441 correctorem
1800 2383 1984 2441 virum

137 2477 541 2545 clarissimum,
576 2477 823 2535 amicum
862 2483 1151 2543 nostrum
1178 2483 1233 2533 et
1260 2494 1326 2533 ea
1353 2494 1478 2554 quae
1507 2476 1566 2533 in
1595 2494 1820 2555 precem
1847 2494 1986 2534 con-

138 2567 341 2639 tulisti,
390 2567 617 2647 adlega;
660 2568 757 2646 qui
804 2567 865 2623 in
911 2566 1427 2626 examinationibus
1472 2586 1600 2627 eam
1648 2569 1986 2627 sententiam

140 2669 387 2739 promet,
429 2679 603 2739 quam
624 2659 773 2736 juria
818 2667 987 2736 atque
1028 2659 1304 2737 aequitatis
1345 2660 1488 2718 ratio
1531 2659 1840 2720 dictaverit.
1873 2660 2020 2718 PP»

140 2753 489 2823 Mediolano,
514 2752 629 2812 vn.
666 2750 785 2811 kat.
815 2752 946 2810 Jan.
978 2750 1162 2823 Tusco
1195 2763 1250 2811 et
1277 2750 1550 2812 Anullino
1577 2773 1766 2816 conss,
1800 2752 1988 2833 (⁸295.)

219 2856 389 2907 298.
426 2844 596 2904 Idem.
628 2843 764 2904 Aur.
800 2844 1068 2903 Lucieno.
1112 2844 1176 2902 ln
1215 2844 1517 2907 donatione
1558 2849 1636 2907 rei
1678 2845 1985 2907 tributariae

139 2941 291 2999 circa
327 2946 617 3017 exceptam
659 2945 713 2997 et
761 2956 875 2995 non
921 2945 1212 3015 exceptam
1255 2958 1560 3017 personam
1598 2939 1736 3021 legis
1779 2940 1986 3001 Cinciae

146 3030 305 3103 nulia
331 3028 653 3089 differentia
676 3038 788 3099 esu
817 3048 946 3089 cum
974 3036 1029 3087 et
1049 3047 1237 3089 vacuae
1265 3034 1638 3111 possessionis
1665 3032 1992 3093 inductione

146 3120 427 3184 cetebrata
455 3122 515 3179 in
541 3122 833 3199 utriusque
866 3137 1107 3199 persona
1136 3122 1484 3201 perficiatur,
1503 3132 1562 3183 et
1583 3126 1631 3182 si
1659 3123 1808 3185 hanc
1836 3142 1992 3183 secu-

154 3228 259 3276 tam
288 3224 415 3297 pout
450 3212 775 3293 hujusmodi
814 3210 1085 3293 placitum
1113 3234 1230 3273 non
1269 3223 1514 3287 constet,
1551 3216 1852 3275 manifeste
1887 3237 1992 3277 nec

160 3320 327 3391 ooepta
357 3308 629 3369 videatur.
659 3306 1019 3390 Quapropter
1051 3308 1115 3367 in
1146 3306 1237 3369 his
1275 3307 1538 3389 quidem,
1571 3328 1696 3455 ῳὸιξ
1731 3306 1852 3371 soto
1888 3312 1990 3373 tri·
2047 3312 2056 3327 ⁸
