<?xml version="1.0" encoding="UTF-8"?>
<!DOCTYPE html PUBLIC "-//W3C//DTD XHTML 1.0 Transitional//EN"
    "http://www.w3.org/TR/xhtml1/DTD/xhtml1-transitional.dtd">
<html xmlns="http://www.w3.org/1999/xhtml" xml:lang="en" lang="en">
 <head>
  <title>
</title>
<meta http-equiv="Content-Type" content="text/html;charset=utf-8" />
  <meta name='ocr-system' content='tesseract 3.04.00' />
  <meta name='ocr-capabilities' content='ocr_page ocr_carea ocr_par ocr_line ocrx_word'/>
</head>
<body>
  <div class='ocr_page' id='page_1' title='image "./manualejurissyn00paulgoog_0184.png"; bbox 0 0 2292 3684; ppageno 0'>
   <div class='ocr_carea' id='block_1_1' title="bbox 361 54 2129 139">
    <p class='ocr_par' dir='ltr' id='par_1_1' title="bbox 361 54 2129 139">
     <span class='ocr_line' id='line_1_1' title="bbox 361 54 2129 139; baseline 0 -35"><span class='ocrx_word' id='word_1_1' title='bbox 361 55 460 106; x_wconf 70' lang='lat'><strong>⁴9¹2</strong></span> <span class='ocrx_word' id='word_1_2' title='bbox 498 68 613 108; x_wconf 73' lang='lat' dir='ltr'><strong>cm</strong></span> <span class='ocrx_word' id='word_1_3' title='bbox 649 68 788 139; x_wconf 67' lang='lat' dir='ltr'><strong>nzsr.</strong></span> <span class='ocrx_word' id='word_1_4' title='bbox 832 70 884 109; x_wconf 81' lang='lat' dir='ltr'><strong>c,</strong></span> <span class='ocrx_word' id='word_1_5' title='bbox 913 71 974 121; x_wconf 87' lang='grc' dir='ltr'><strong>ιι,</strong></span> <span class='ocrx_word' id='word_1_6' title='bbox 1014 54 1046 126; x_wconf 69' lang='lat' dir='ltr'>g</span> <span class='ocrx_word' id='word_1_7' title='bbox 1077 55 1166 109; x_wconf 87' lang='lat'><strong>79.</strong></span> <span class='ocrx_word' id='word_1_8' title='bbox 1208 68 1281 109; x_wconf 72' lang='lat' dir='ltr'><strong>nn</strong></span> <span class='ocrx_word' id='word_1_9' title='bbox 1316 66 1588 109; x_wconf 64' lang='lat' dir='ltr'><strong>mrumst</strong></span> <span class='ocrx_word' id='word_1_10' title='bbox 1622 67 1812 109; x_wconf 70' lang='grc' dir='ltr'>υοιιιιι.</span> <span class='ocrx_word' id='word_1_11' title='bbox 1850 64 2129 115; x_wconf 70' lang='lat' dir='ltr'><strong>moris·</strong></span> 
     </span>
    </p>
   </div>
   <div class='ocr_carea' id='block_1_2' title="bbox 354 169 2219 2493">
    <p class='ocr_par' dir='ltr' id='par_1_2' title="bbox 354 169 2219 625">
     <span class='ocr_line' id='line_1_2' title="bbox 354 169 2219 251; baseline 0.001 -23"><span class='ocrx_word' id='word_1_12' title='bbox 354 169 667 249; x_wconf 84' lang='lat' dir='ltr'><strong>possideas,</strong></span> <span class='ocrx_word' id='word_1_13' title='bbox 699 190 1046 251; x_wconf 85' lang='lat' dir='ltr'><strong>consequens</strong></span> <span class='ocrx_word' id='word_1_14' title='bbox 1075 180 1159 230; x_wconf 79' lang='lat' dir='ltr'><strong>cst</strong></span> <span class='ocrx_word' id='word_1_15' title='bbox 1188 180 1247 229; x_wconf 87' lang='lat' dir='ltr'><strong>ut</strong></span> <span class='ocrx_word' id='word_1_16' title='bbox 1279 170 1430 230; x_wconf 83' lang='lat' dir='ltr'><strong>utilis</strong></span> <span class='ocrx_word' id='word_1_17' title='bbox 1458 170 1598 230; x_wconf 88' lang='lat' dir='ltr'><strong>mihi</strong></span> <span class='ocrx_word' id='word_1_18' title='bbox 1636 174 1778 230; x_wconf 88' lang='lat' dir='ltr'><strong>actio</strong></span> <span class='ocrx_word' id='word_1_19' title='bbox 1812 170 2167 229; x_wconf 74' lang='lat' dir='ltr'><strong>adversum</strong></span> <span class='ocrx_word' id='word_1_20' title='bbox 2208 174 2219 229; x_wconf 73' lang='lat'>1</span> 
     </span>
     <span class='ocr_line' id='line_1_3' title="bbox 355 263 2219 346; baseline 0.001 -25"><span class='ocrx_word' id='word_1_21' title='bbox 355 263 479 322; x_wconf 82' lang='lat' dir='ltr'><strong>dari</strong></span> <span class='ocrx_word' id='word_1_22' title='bbox 517 263 759 324; x_wconf 77' lang='lat' dir='ltr'><strong>debeat:</strong></span> <span class='ocrx_word' id='word_1_23' title='bbox 796 284 909 345; x_wconf 88' lang='lat' dir='ltr'><strong>qno</strong></span> <span class='ocrx_word' id='word_1_24' title='bbox 954 285 1116 337; x_wconf 85' lang='lat' dir='ltr'><strong>casu,</strong></span> <span class='ocrx_word' id='word_1_25' title='bbox 1162 267 1269 323; x_wconf 87' lang='lat' dir='ltr'><strong>nisi</strong></span> <span class='ocrx_word' id='word_1_26' title='bbox 1312 264 1527 325; x_wconf 81' lang='lat' dir='ltr'><strong>solvam</strong></span> <span class='ocrx_word' id='word_1_27' title='bbox 1568 266 1885 346; x_wconf 85' lang='lat' dir='ltr'><strong>impensam</strong></span> <span class='ocrx_word' id='word_1_28' title='bbox 1926 267 2219 344; x_wconf 67' lang='lat' dir='ltr'><strong>pictur-m</strong></span> 
     </span>
     <span class='ocr_line' id='line_1_4' title="bbox 359 357 2219 439; baseline 0 -24"><span class='ocrx_word' id='word_1_29' title='bbox 359 359 569 437; x_wconf 85' lang='lat' dir='ltr'><strong>poteris</strong></span> <span class='ocrx_word' id='word_1_30' title='bbox 597 378 687 417; x_wconf 90' lang='lat' dir='ltr'><strong>me</strong></span> <span class='ocrx_word' id='word_1_31' title='bbox 720 377 822 438; x_wconf 86' lang='lat' dir='ltr'><strong>per</strong></span> <span class='ocrx_word' id='word_1_32' title='bbox 848 361 1236 438; x_wconf 78' lang='lat' dir='ltr'><strong>exceptionem</strong></span> <span class='ocrx_word' id='word_1_33' title='bbox 1266 358 1380 417; x_wconf 91' lang='lat' dir='ltr'><strong>doli</strong></span> <span class='ocrx_word' id='word_1_34' title='bbox 1412 357 1549 417; x_wconf 83' lang='lat' dir='ltr'><strong>mali</strong></span> <span class='ocrx_word' id='word_1_35' title='bbox 1590 358 1891 439; x_wconf 81' lang='lat' dir='ltr'><strong>repellere,</strong></span> <span class='ocrx_word' id='word_1_36' title='bbox 1926 359 2177 437; x_wconf 82' lang='lat' dir='ltr'><strong>utique</strong></span> <span class='ocrx_word' id='word_1_37' title='bbox 2212 376 2219 415; x_wconf 72' lang='lat' dir='ltr'><em>s</em></span> 
     </span>
     <span class='ocr_line' id='line_1_5' title="bbox 357 447 2219 535; baseline 0 -28"><span class='ocrx_word' id='word_1_38' title='bbox 357 447 510 510; x_wconf 85' lang='lat' dir='ltr'><strong>bona</strong></span> <span class='ocrx_word' id='word_1_39' title='bbox 541 450 648 511; x_wconf 82' lang='lat' dir='ltr'><strong>fide</strong></span> <span class='ocrx_word' id='word_1_40' title='bbox 679 471 968 535; x_wconf 73' lang='lat' dir='ltr'><strong>possessor</strong></span> <span class='ocrx_word' id='word_1_41' title='bbox 1005 453 1196 512; x_wconf 79' lang='lat' dir='ltr'><strong>fueris,</strong></span> <span class='ocrx_word' id='word_1_42' title='bbox 1232 450 1373 510; x_wconf 88' lang='lat' dir='ltr'><strong>lllud</strong></span> <span class='ocrx_word' id='word_1_43' title='bbox 1418 450 1605 531; x_wconf 83' lang='lat' dir='ltr'><strong>palam</strong></span> <span class='ocrx_word' id='word_1_44' title='bbox 1647 460 1754 522; x_wconf 87' lang='lat' dir='ltr'><strong>est,</strong></span> <span class='ocrx_word' id='word_1_45' title='bbox 1790 449 1939 530; x_wconf 91' lang='lat' dir='ltr'><strong>quod</strong></span> <span class='ocrx_word' id='word_1_46' title='bbox 1990 452 2147 508; x_wconf 74' lang='lat' dir='ltr'><strong>sive</strong></span> <span class='ocrx_word' id='word_1_47' title='bbox 2196 458 2219 508; x_wconf 78' lang='lat' dir='ltr'><strong>t</strong></span> 
     </span>
     <span class='ocr_line' id='line_1_6' title="bbox 358 544 2219 625; baseline 0 -22"><span class='ocrx_word' id='word_1_48' title='bbox 358 545 738 625; x_wconf 79' lang='lat' dir='ltr'><strong>subripuisses</strong></span> <span class='ocrx_word' id='word_1_49' title='bbox 765 544 1039 617; x_wconf 86' lang='lat' dir='ltr'><strong>tabulam,</strong></span> <span class='ocrx_word' id='word_1_50' title='bbox 1065 549 1182 605; x_wconf 84' lang='lat' dir='ltr'><strong>sive</strong></span> <span class='ocrx_word' id='word_1_51' title='bbox 1208 544 1373 616; x_wconf 83' lang='lat' dir='ltr'><strong>alius,</strong></span> <span class='ocrx_word' id='word_1_52' title='bbox 1398 546 1667 625; x_wconf 85' lang='lat' dir='ltr'><strong>competit</strong></span> <span class='ocrx_word' id='word_1_53' title='bbox 1692 544 1831 603; x_wconf 87' lang='lat' dir='ltr'><strong>mihi</strong></span> <span class='ocrx_word' id='word_1_54' title='bbox 1863 544 2012 603; x_wconf 82' lang='lat' dir='ltr'><strong>furti</strong></span> <span class='ocrx_word' id='word_1_55' title='bbox 2053 546 2219 603; x_wconf 63' lang='lat' dir='ltr'><strong>actio</strong></span> 
     </span>
    </p>

    <p class='ocr_par' dir='ltr' id='par_1_3' title="bbox 357 638 2219 2493">
     <span class='ocr_line' id='line_1_7' title="bbox 442 638 2219 720; baseline -0.002 -22"><span class='ocrx_word' id='word_1_56' title='bbox 442 648 555 698; x_wconf 66' lang='grc' dir='ltr'><strong>Μ).</strong></span> <span class='ocrx_word' id='word_1_57' title='bbox 596 640 659 697; x_wconf 86' lang='lat' dir='ltr'><strong>ln</strong></span> <span class='ocrx_word' id='word_1_58' title='bbox 703 639 827 697; x_wconf 86' lang='lat' dir='ltr'><strong>aliis</strong></span> <span class='ocrx_word' id='word_1_59' title='bbox 855 659 1082 720; x_wconf 87' lang='lat' dir='ltr'><strong>quoque</strong></span> <span class='ocrx_word' id='word_1_60' title='bbox 1127 638 1422 720; x_wconf 83' lang='lat' dir='ltr'><strong>speciebus</strong></span> <span class='ocrx_word' id='word_1_61' title='bbox 1464 638 1739 698; x_wconf 81' lang='lat' dir='ltr'><strong>naturalis</strong></span> <span class='ocrx_word' id='word_1_62' title='bbox 1773 642 1917 698; x_wconf 86' lang='lat' dir='ltr'><strong>ratio</strong></span> <span class='ocrx_word' id='word_1_63' title='bbox 1948 640 2219 719; x_wconf 79' lang='lat' dir='ltr'><strong>requiri</strong></span> 
     </span>
     <span class='ocr_line' id='line_1_8' title="bbox 357 730 2218 811; baseline -0.001 -22"><span class='ocrx_word' id='word_1_64' title='bbox 357 738 470 789; x_wconf 90' lang='lat' dir='ltr'><strong>tur.</strong></span> <span class='ocrx_word' id='word_1_65' title='bbox 504 731 746 789; x_wconf 86' lang='lat' dir='ltr'><strong>Proinde</strong></span> <span class='ocrx_word' id='word_1_66' title='bbox 789 732 838 791; x_wconf 84' lang='lat' dir='ltr'><strong>si</strong></span> <span class='ocrx_word' id='word_1_67' title='bbox 865 751 934 792; x_wconf 82' lang='lat' dir='ltr'><strong>ex</strong></span> <span class='ocrx_word' id='word_1_68' title='bbox 962 734 1112 801; x_wconf 81' lang='lat' dir='ltr'><strong>uvis&#39;,</strong></span> <span class='ocrx_word' id='word_1_69' title='bbox 1162 734 1298 811; x_wconf 79' lang='lat' dir='ltr'><strong>(aut</strong></span> <span class='ocrx_word' id='word_1_70' title='bbox 1334 730 1523 805; x_wconf 72' lang='lat' dir='ltr'><strong>olicis,</strong></span> <span class='ocrx_word' id='word_1_71' title='bbox 1560 738 1666 791; x_wconf 78' lang='lat' dir='ltr'><strong>aut</strong></span> <span class='ocrx_word' id='word_1_72' title='bbox 1696 734 1894 811; x_wconf 78' lang='lat' dir='ltr'><strong>spicis)</strong></span> <span class='ocrx_word' id='word_1_73' title='bbox 1928 733 2103 789; x_wconf 81' lang='lat' dir='ltr'><strong>meis</strong></span> <span class='ocrx_word' id='word_1_74' title='bbox 2152 732 2218 788; x_wconf 74' lang='lat' dir='ltr'><strong>vi</strong></span> 
     </span>
     <span class='ocr_line' id='line_1_9' title="bbox 361 822 2219 904; baseline -0.001 -23"><span class='ocrx_word' id='word_1_75' title='bbox 361 842 528 895; x_wconf 89' lang='lat' dir='ltr'><strong>num,</strong></span> <span class='ocrx_word' id='word_1_76' title='bbox 561 832 658 882; x_wconf 88' lang='lat' dir='ltr'><strong>aut</strong></span> <span class='ocrx_word' id='word_1_77' title='bbox 688 822 904 897; x_wconf 85' lang='lat' dir='ltr'><strong>oleum,</strong></span> <span class='ocrx_word' id='word_1_78' title='bbox 939 834 1035 884; x_wconf 87' lang='lat' dir='ltr'><strong>aut</strong></span> <span class='ocrx_word' id='word_1_79' title='bbox 1064 824 1413 884; x_wconf 84' lang='lat' dir='ltr'><strong>frumentum</strong></span> <span class='ocrx_word' id='word_1_80' title='bbox 1446 824 1673 896; x_wconf 82' lang='lat' dir='ltr'><strong>seceris,</strong></span> <span class='ocrx_word' id='word_1_81' title='bbox 1706 826 1981 904; x_wconf 81' lang='lat' dir='ltr'><strong>quaeritur</strong></span> <span class='ocrx_word' id='word_1_82' title='bbox 2020 834 2219 881; x_wconf 83' lang='lat' dir='ltr'><strong>utrm]</strong></span> 
     </span>
     <span class='ocr_line' id='line_1_10' title="bbox 361 916 2219 990; baseline -0.001 -14"><span class='ocrx_word' id='word_1_83' title='bbox 361 936 554 976; x_wconf 87' lang='lat' dir='ltr'><strong>meum</strong></span> <span class='ocrx_word' id='word_1_84' title='bbox 587 920 659 976; x_wconf 86' lang='lat' dir='ltr'><strong>sit</strong></span> <span class='ocrx_word' id='word_1_85' title='bbox 685 916 743 975; x_wconf 88' lang='lat' dir='ltr'><strong>id</strong></span> <span class='ocrx_word' id='word_1_86' title='bbox 773 920 970 978; x_wconf 82' lang='lat' dir='ltr'><strong>vinum</strong></span> <span class='ocrx_word' id='word_1_87' title='bbox 997 928 1096 977; x_wconf 88' lang='lat' dir='ltr'><strong>aut</strong></span> <span class='ocrx_word' id='word_1_88' title='bbox 1131 918 1321 979; x_wconf 87' lang='lat' dir='ltr'><strong>oleum</strong></span> <span class='ocrx_word' id='word_1_89' title='bbox 1360 926 1458 977; x_wconf 86' lang='lat' dir='ltr'><strong>aut</strong></span> <span class='ocrx_word' id='word_1_90' title='bbox 1493 917 1868 990; x_wconf 79' lang='lat' dir='ltr'><strong>frumentum,</strong></span> <span class='ocrx_word' id='word_1_91' title='bbox 1908 936 1985 975; x_wconf 86' lang='lat' dir='ltr'><strong>an</strong></span> <span class='ocrx_word' id='word_1_92' title='bbox 2028 927 2219 975; x_wconf 86' lang='lat' dir='ltr'><strong>tuum</strong></span> 
     </span>
     <span class='ocr_line' id='line_1_11' title="bbox 362 1010 2219 1094; baseline 0.001 -24"><span class='ocrx_word' id='word_1_93' title='bbox 362 1012 502 1071; x_wconf 87' lang='lat' dir='ltr'><strong>Item</strong></span> <span class='ocrx_word' id='word_1_94' title='bbox 533 1013 579 1071; x_wconf 87' lang='lat' dir='ltr'><strong>si</strong></span> <span class='ocrx_word' id='word_1_95' title='bbox 607 1032 678 1072; x_wconf 88' lang='lat' dir='ltr'><strong>ex</strong></span> <span class='ocrx_word' id='word_1_96' title='bbox 705 1032 845 1072; x_wconf 90' lang='lat' dir='ltr'><strong>auro</strong></span> <span class='ocrx_word' id='word_1_97' title='bbox 877 1022 974 1072; x_wconf 80' lang='lat' dir='ltr'><strong>a&#39;ut</strong></span> <span class='ocrx_word' id='word_1_98' title='bbox 1001 1022 1237 1094; x_wconf 79' lang='lat' dir='ltr'><strong>argento</strong></span> <span class='ocrx_word' id='word_1_99' title='bbox 1266 1032 1393 1071; x_wconf 83' lang='lat' dir='ltr'><strong>meo</strong></span> <span class='ocrx_word' id='word_1_100' title='bbox 1432 1032 1527 1071; x_wconf 86' lang='lat' dir='ltr'><strong>vas</strong></span> <span class='ocrx_word' id='word_1_101' title='bbox 1565 1010 1797 1093; x_wconf 79' lang='lat' dir='ltr'><strong>aliquod</strong></span> <span class='ocrx_word' id='word_1_102' title='bbox 1832 1012 2089 1085; x_wconf 77' lang='lat' dir='ltr'><strong>feceris,</strong></span> <span class='ocrx_word' id='word_1_103' title='bbox 2136 1031 2219 1071; x_wconf 78' lang='lat' dir='ltr'><strong>nu</strong></span> 
     </span>
     <span class='ocr_line' id='line_1_12' title="bbox 363 1104 2219 1177; baseline 0.001 -14"><span class='ocrx_word' id='word_1_104' title='bbox 363 1124 432 1164; x_wconf 88' lang='lat' dir='ltr'><strong>ex</strong></span> <span class='ocrx_word' id='word_1_105' title='bbox 459 1106 598 1163; x_wconf 89' lang='lat' dir='ltr'><strong>meis</strong></span> <span class='ocrx_word' id='word_1_106' title='bbox 627 1104 833 1165; x_wconf 84' lang='lat' dir='ltr'><strong>tabulis</strong></span> <span class='ocrx_word' id='word_1_107' title='bbox 861 1126 1083 1177; x_wconf 83' lang='lat' dir='ltr'><strong>navem,</strong></span> <span class='ocrx_word' id='word_1_108' title='bbox 1117 1115 1215 1165; x_wconf 87' lang='lat' dir='ltr'><strong>aut</strong></span> <span class='ocrx_word' id='word_1_109' title='bbox 1242 1108 1582 1177; x_wconf 83' lang='lat' dir='ltr'><strong>armarium,</strong></span> <span class='ocrx_word' id='word_1_110' title='bbox 1614 1114 1713 1165; x_wconf 83' lang='lat' dir='ltr'><strong>aut</strong></span> <span class='ocrx_word' id='word_1_111' title='bbox 1748 1104 2109 1165; x_wconf 86' lang='lat' dir='ltr'><strong>subsellium</strong></span> <span class='ocrx_word' id='word_1_112' title='bbox 2144 1106 2219 1165; x_wconf 80' lang='lat' dir='ltr'><strong>fa-</strong></span> 
     </span>
     <span class='ocr_line' id='line_1_13' title="bbox 365 1194 2218 1270; baseline 0.002 -16"><span class='ocrx_word' id='word_1_113' title='bbox 365 1194 699 1268; x_wconf 83' lang='lat' dir='ltr'><strong>bricaveris;</strong></span> <span class='ocrx_word' id='word_1_114' title='bbox 733 1201 868 1257; x_wconf 84' lang='lat' dir='ltr'><strong>item</strong></span> <span class='ocrx_word' id='word_1_115' title='bbox 899 1200 947 1257; x_wconf 86' lang='lat' dir='ltr'><strong>si</strong></span> <span class='ocrx_word' id='word_1_116' title='bbox 987 1218 1056 1257; x_wconf 84' lang='lat' dir='ltr'><strong>ex</strong></span> <span class='ocrx_word' id='word_1_117' title='bbox 1083 1199 1215 1257; x_wconf 85' lang='lat' dir='ltr'><strong>lana</strong></span> <span class='ocrx_word' id='word_1_118' title='bbox 1242 1219 1369 1258; x_wconf 87' lang='lat' dir='ltr'><strong>mea</strong></span> <span class='ocrx_word' id='word_1_119' title='bbox 1414 1200 1805 1258; x_wconf 84' lang='lat' dir='ltr'><strong>vestimentum</strong></span> <span class='ocrx_word' id='word_1_120' title='bbox 1843 1197 2097 1270; x_wconf 82' lang='lat' dir='ltr'><strong>feceris,</strong></span> <span class='ocrx_word' id='word_1_121' title='bbox 2144 1220 2218 1257; x_wconf 65' lang='lat' dir='ltr'><strong>ves</strong></span> 
     </span>
     <span class='ocr_line' id='line_1_14' title="bbox 363 1291 2219 1373; baseline 0.001 -24"><span class='ocrx_word' id='word_1_122' title='bbox 363 1291 410 1349; x_wconf 87' lang='lat' dir='ltr'><strong>si</strong></span> <span class='ocrx_word' id='word_1_123' title='bbox 439 1308 506 1350; x_wconf 84' lang='lat' dir='ltr'><strong>ex</strong></span> <span class='ocrx_word' id='word_1_124' title='bbox 533 1292 662 1351; x_wconf 85' lang='lat' dir='ltr'><strong>vino</strong></span> <span class='ocrx_word' id='word_1_125' title='bbox 701 1299 756 1351; x_wconf 88' lang='lat' dir='ltr'><strong>et</strong></span> <span class='ocrx_word' id='word_1_126' title='bbox 789 1291 956 1352; x_wconf 89' lang='lat' dir='ltr'><strong>melle</strong></span> <span class='ocrx_word' id='word_1_127' title='bbox 985 1314 1113 1353; x_wconf 89' lang='lat' dir='ltr'><strong>meo</strong></span> <span class='ocrx_word' id='word_1_128' title='bbox 1137 1292 1399 1373; x_wconf 25' lang='lat' dir='ltr'><strong>‘mulsum</strong></span> <span class='ocrx_word' id='word_1_129' title='bbox 1433 1292 1654 1363; x_wconf 82' lang='lat' dir='ltr'><strong>feceris,</strong></span> <span class='ocrx_word' id='word_1_130' title='bbox 1688 1294 1803 1350; x_wconf 87' lang='lat' dir='ltr'><strong>sive</strong></span> <span class='ocrx_word' id='word_1_131' title='bbox 1838 1312 1905 1351; x_wconf 84' lang='lat' dir='ltr'><strong>ex</strong></span> <span class='ocrx_word' id='word_1_132' title='bbox 1944 1292 2219 1351; x_wconf 80' lang='lat' dir='ltr'><strong>medica-</strong></span> 
     </span>
     <span class='ocr_line' id='line_1_15' title="bbox 365 1386 2219 1467; baseline 0.003 -26"><span class='ocrx_word' id='word_1_133' title='bbox 365 1387 563 1443; x_wconf 89' lang='lat' dir='ltr'><strong>mentis</strong></span> <span class='ocrx_word' id='word_1_134' title='bbox 601 1388 739 1445; x_wconf 88' lang='lat' dir='ltr'><strong>meis</strong></span> <span class='ocrx_word' id='word_1_135' title='bbox 768 1386 1136 1467; x_wconf 79' lang='lat' dir='ltr'><strong>emplastrum</strong></span> <span class='ocrx_word' id='word_1_136' title='bbox 1166 1395 1265 1447; x_wconf 88' lang='lat' dir='ltr'><strong>aut</strong></span> <span class='ocrx_word' id='word_1_137' title='bbox 1295 1387 1591 1466; x_wconf 76' lang='lat' dir='ltr'><strong>collyrium</strong></span> <span class='ocrx_word' id='word_1_138' title='bbox 1622 1386 1845 1458; x_wconf 84' lang='lat' dir='ltr'><strong>feceris,</strong></span> <span class='ocrx_word' id='word_1_139' title='bbox 1881 1387 2219 1467; x_wconf 75' lang='lat' dir='ltr'><strong>(quoert&#39;tw</strong></span> 
     </span>
     <span class='ocr_line' id='line_1_16' title="bbox 366 1473 2219 1560; baseline 0.001 -25"><span class='ocrx_word' id='word_1_140' title='bbox 366 1484 565 1536; x_wconf 78' lang='lat' dir='ltr'><strong>utrum</strong></span> <span class='ocrx_word' id='word_1_141' title='bbox 594 1485 757 1538; x_wconf 80' lang='lat' dir='ltr'><strong>tuum</strong></span> <span class='ocrx_word' id='word_1_142' title='bbox 777 1482 854 1540; x_wconf 74' lang='lat' dir='ltr'><strong>sit</strong></span> <span class='ocrx_word' id='word_1_143' title='bbox 881 1479 945 1539; x_wconf 74' lang='lat' dir='ltr'><strong>id</strong></span> <span class='ocrx_word' id='word_1_144' title='bbox 964 1473 1116 1560; x_wconf 65' lang='lat' dir='ltr'><strong>quod</strong></span> <span class='ocrx_word' id='word_1_145' title='bbox 1139 1499 1213 1540; x_wconf 80' lang='lat' dir='ltr'><strong>ex</strong></span> <span class='ocrx_word' id='word_1_146' title='bbox 1238 1498 1361 1539; x_wconf 84' lang='lat' dir='ltr'><strong>meo</strong></span> <span class='ocrx_word' id='word_1_147' title='bbox 1387 1478 1677 1559; x_wconf 73' lang='lat' dir='ltr'><strong>efficeris.)</strong></span> <span class='ocrx_word' id='word_1_148' title='bbox 1707 1499 1780 1537; x_wconf 87' lang='lat' dir='ltr'><strong>an</strong></span> <span class='ocrx_word' id='word_1_149' title='bbox 1814 1498 2035 1539; x_wconf 85' lang='lat' dir='ltr'><strong>meum.</strong></span> <span class='ocrx_word' id='word_1_150' title='bbox 2076 1480 2219 1550; x_wconf 84' lang='lat' dir='ltr'><strong>Qui-</strong></span> 
     </span>
     <span class='ocr_line' id='line_1_17' title="bbox 367 1567 2219 1653; baseline 0.004 -27"><span class='ocrx_word' id='word_1_151' title='bbox 367 1567 497 1627; x_wconf 81' lang='lat' dir='ltr'><strong>dam</strong></span> <span class='ocrx_word' id='word_1_152' title='bbox 531 1573 826 1631; x_wconf 82' lang='lat' dir='ltr'><strong>materiam</strong></span> <span class='ocrx_word' id='word_1_153' title='bbox 855 1581 910 1632; x_wconf 87' lang='lat' dir='ltr'><strong>et</strong></span> <span class='ocrx_word' id='word_1_154' title='bbox 935 1572 1309 1631; x_wconf 79' lang='lat' dir='ltr'><strong>substantiam</strong></span> <span class='ocrx_word' id='word_1_155' title='bbox 1340 1572 1703 1653; x_wconf 76' lang='lat' dir='ltr'><strong>spectandam</strong></span> <span class='ocrx_word' id='word_1_156' title='bbox 1732 1592 1852 1631; x_wconf 86' lang='lat' dir='ltr'><strong>esse</strong></span> <span class='ocrx_word' id='word_1_157' title='bbox 1880 1583 2133 1653; x_wconf 81' lang='lat' dir='ltr'><strong>putant,</strong></span> <span class='ocrx_word' id='word_1_158' title='bbox 2168 1572 2219 1633; x_wconf 88' lang='lat' dir='ltr'><strong>id</strong></span> 
     </span>
     <span class='ocr_line' id='line_1_18' title="bbox 365 1664 2219 1745; baseline 0.002 -25"><span class='ocrx_word' id='word_1_159' title='bbox 365 1670 478 1733; x_wconf 81' lang='lat' dir='ltr'><strong>est,</strong></span> <span class='ocrx_word' id='word_1_160' title='bbox 511 1670 574 1721; x_wconf 91' lang='lat' dir='ltr'><strong>ut</strong></span> <span class='ocrx_word' id='word_1_161' title='bbox 607 1665 768 1741; x_wconf 86' lang='lat' dir='ltr'><strong>cujus</strong></span> <span class='ocrx_word' id='word_1_162' title='bbox 797 1667 1032 1724; x_wconf 81' lang='lat' dir='ltr'><strong>materia</strong></span> <span class='ocrx_word' id='word_1_163' title='bbox 1065 1667 1161 1736; x_wconf 83' lang='lat' dir='ltr'><strong>sit,</strong></span> <span class='ocrx_word' id='word_1_164' title='bbox 1194 1665 1345 1724; x_wconf 85' lang='lat' dir='ltr'><strong>illius</strong></span> <span class='ocrx_word' id='word_1_165' title='bbox 1373 1673 1428 1724; x_wconf 88' lang='lat' dir='ltr'><strong>et</strong></span> <span class='ocrx_word' id='word_1_166' title='bbox 1456 1685 1545 1724; x_wconf 82' lang='lat' dir='ltr'><strong>res</strong></span> <span class='ocrx_word' id='word_1_167' title='bbox 1578 1685 1702 1745; x_wconf 82' lang='lat' dir='ltr'><strong>quae</strong></span> <span class='ocrx_word' id='word_1_168' title='bbox 1731 1664 1877 1725; x_wconf 81' lang='lat' dir='ltr'><strong>facta</strong></span> <span class='ocrx_word' id='word_1_169' title='bbox 1904 1667 1977 1724; x_wconf 89' lang='lat' dir='ltr'><strong>sit</strong></span> <span class='ocrx_word' id='word_1_170' title='bbox 2007 1666 2219 1724; x_wconf 83' lang='lat' dir='ltr'><strong>videa-</strong></span> 
     </span>
     <span class='ocr_line' id='line_1_19' title="bbox 364 1757 2219 1837; baseline 0.001 -24"><span class='ocrx_word' id='word_1_171' title='bbox 364 1762 458 1815; x_wconf 87' lang='lat' dir='ltr'><strong>tur</strong></span> <span class='ocrx_word' id='word_1_172' title='bbox 485 1776 630 1827; x_wconf 78' lang='lat' dir='ltr'><strong>esse3</strong></span> <span class='ocrx_word' id='word_1_173' title='bbox 664 1757 832 1837; x_wconf 89' lang='lat' dir='ltr'><strong>idque</strong></span> <span class='ocrx_word' id='word_1_174' title='bbox 859 1760 1106 1819; x_wconf 85' lang='lat' dir='ltr'><strong>maxime</strong></span> <span class='ocrx_word' id='word_1_175' title='bbox 1137 1757 1345 1836; x_wconf 83' lang='lat' dir='ltr'><strong>placuit</strong></span> <span class='ocrx_word' id='word_1_176' title='bbox 1376 1759 1589 1818; x_wconf 81' lang='lat' dir='ltr'><strong>Sabino</strong></span> <span class='ocrx_word' id='word_1_177' title='bbox 1618 1769 1672 1817; x_wconf 89' lang='lat' dir='ltr'><strong>et</strong></span> <span class='ocrx_word' id='word_1_178' title='bbox 1694 1758 1901 1819; x_wconf 84' lang='lat' dir='ltr'><strong>Cassio.</strong></span> <span class='ocrx_word' id='word_1_179' title='bbox 1930 1758 2051 1817; x_wconf 85' lang='lat' dir='ltr'><strong>Alii</strong></span> <span class='ocrx_word' id='word_1_180' title='bbox 2079 1778 2219 1818; x_wconf 81' lang='lat' dir='ltr'><strong>vero</strong></span> 
     </span>
     <span class='ocr_line' id='line_1_20' title="bbox 365 1849 2218 1933; baseline 0.001 -25"><span class='ocrx_word' id='word_1_181' title='bbox 365 1849 487 1929; x_wconf 74' lang='lat' dir='ltr'><strong>ejus</strong></span> <span class='ocrx_word' id='word_1_182' title='bbox 522 1867 644 1908; x_wconf 81' lang='lat' dir='ltr'><strong>rem</strong></span> <span class='ocrx_word' id='word_1_183' title='bbox 684 1868 804 1908; x_wconf 85' lang='lat' dir='ltr'><strong>esse</strong></span> <span class='ocrx_word' id='word_1_184' title='bbox 847 1859 1047 1930; x_wconf 84' lang='lat' dir='ltr'><strong>putant</strong></span> <span class='ocrx_word' id='word_1_185' title='bbox 1083 1852 1181 1931; x_wconf 89' lang='lat' dir='ltr'><strong>qni</strong></span> <span class='ocrx_word' id='word_1_186' title='bbox 1220 1850 1437 1919; x_wconf 80' lang='lat' dir='ltr'><strong>fecerit3</strong></span> <span class='ocrx_word' id='word_1_187' title='bbox 1472 1849 1642 1931; x_wconf 84' lang='lat' dir='ltr'><strong>idque</strong></span> <span class='ocrx_word' id='word_1_188' title='bbox 1682 1854 1927 1909; x_wconf 83' lang='lat' dir='ltr'><strong>maxime</strong></span> <span class='ocrx_word' id='word_1_189' title='bbox 1966 1850 2218 1933; x_wconf 71' lang='lat' dir='ltr'><strong>diversas</strong></span> 
     </span>
     <span class='ocr_line' id='line_1_21' title="bbox 366 1940 2213 2026; baseline 0.002 -26"><span class='ocrx_word' id='word_1_190' title='bbox 366 1940 568 2001; x_wconf 79' lang='lat' dir='ltr'><strong>scbolae</strong></span> <span class='ocrx_word' id='word_1_191' title='bbox 605 1941 932 2003; x_wconf 79' lang='lat' dir='ltr'><strong>auctoribus</strong></span> <span class='ocrx_word' id='word_1_192' title='bbox 960 1945 1138 2003; x_wconf 81' lang='lat' dir='ltr'><strong>visum</strong></span> <span class='ocrx_word' id='word_1_193' title='bbox 1168 1952 1249 2003; x_wconf 91' lang='lat' dir='ltr'><strong>est</strong></span> <span class='ocrx_word' id='word_1_194' title='bbox 1283 1966 1295 2001; x_wconf 92' lang='lat'>:</span> <span class='ocrx_word' id='word_1_195' title='bbox 1329 1942 1426 2003; x_wconf 86' lang='lat' dir='ltr'><strong>sed</strong></span> <span class='ocrx_word' id='word_1_196' title='bbox 1465 1964 1595 2003; x_wconf 89' lang='lat' dir='ltr'><strong>eum</strong></span> <span class='ocrx_word' id='word_1_197' title='bbox 1624 1964 1848 2026; x_wconf 88' lang='lat' dir='ltr'><strong>quoque</strong></span> <span class='ocrx_word' id='word_1_198' title='bbox 1877 1945 2045 2024; x_wconf 82' lang='lat' dir='ltr'><strong>cujus</strong></span> <span class='ocrx_word' id='word_1_199' title='bbox 2074 1964 2213 2003; x_wconf 83' lang='lat' dir='ltr'><strong>ma·</strong></span> 
     </span>
     <span class='ocr_line' id='line_1_22' title="bbox 370 2037 2211 2119; baseline 0.002 -25"><span class='ocrx_word' id='word_1_200' title='bbox 370 2038 508 2096; x_wconf 80' lang='lat' dir='ltr'><strong>teria</strong></span> <span class='ocrx_word' id='word_1_201' title='bbox 544 2046 599 2097; x_wconf 87' lang='lat' dir='ltr'><strong>et</strong></span> <span class='ocrx_word' id='word_1_202' title='bbox 639 2037 954 2097; x_wconf 83' lang='lat' dir='ltr'><strong>substantia</strong></span> <span class='ocrx_word' id='word_1_203' title='bbox 991 2038 1186 2111; x_wconf 80' lang='lat' dir='ltr'><strong>fuerit,</strong></span> <span class='ocrx_word' id='word_1_204' title='bbox 1230 2038 1362 2098; x_wconf 80' lang='lat' dir='ltr'><strong>furti</strong></span> <span class='ocrx_word' id='word_1_205' title='bbox 1400 2038 1664 2098; x_wconf 84' lang='lat' dir='ltr'><strong>adversus</strong></span> <span class='ocrx_word' id='word_1_206' title='bbox 1700 2059 1832 2099; x_wconf 88' lang='lat' dir='ltr'><strong>eum</strong></span> <span class='ocrx_word' id='word_1_207' title='bbox 1868 2042 1964 2119; x_wconf 91' lang='lat' dir='ltr'><strong>qui</strong></span> <span class='ocrx_word' id='word_1_208' title='bbox 2006 2040 2211 2099; x_wconf 84' lang='lat' dir='ltr'><strong>subri-</strong></span> 
     </span>
     <span class='ocr_line' id='line_1_23' title="bbox 366 2129 2205 2210; baseline 0.002 -23"><span class='ocrx_word' id='word_1_209' title='bbox 366 2132 553 2210; x_wconf 83' lang='lat' dir='ltr'><strong>puerit</strong></span> <span class='ocrx_word' id='word_1_210' title='bbox 573 2129 785 2191; x_wconf 83' lang='lat' dir='ltr'><strong>habere</strong></span> <span class='ocrx_word' id='word_1_211' title='bbox 807 2134 1115 2203; x_wconf 76' lang='lat' dir='ltr'><strong>actionem3</strong></span> <span class='ocrx_word' id='word_1_212' title='bbox 1149 2151 1252 2191; x_wconf 86' lang='lat' dir='ltr'><strong>nec</strong></span> <span class='ocrx_word' id='word_1_213' title='bbox 1271 2132 1457 2191; x_wconf 87' lang='lat' dir='ltr'><strong>minus</strong></span> <span class='ocrx_word' id='word_1_214' title='bbox 1479 2131 1741 2191; x_wconf 79' lang='lat' dir='ltr'><strong>adversus</strong></span> <span class='ocrx_word' id='word_1_215' title='bbox 1768 2131 2031 2191; x_wconf 82' lang='lat' dir='ltr'><strong>eumdem</strong></span> <span class='ocrx_word' id='word_1_216' title='bbox 2056 2150 2205 2191; x_wconf 86' lang='lat' dir='ltr'><strong>con-</strong></span> 
     </span>
     <span class='ocr_line' id='line_1_24' title="bbox 368 2222 2203 2306; baseline 0.002 -27"><span class='ocrx_word' id='word_1_217' title='bbox 368 2222 669 2283; x_wconf 88' lang='lat' dir='ltr'><strong>dictionem</strong></span> <span class='ocrx_word' id='word_1_218' title='bbox 707 2227 759 2283; x_wconf 89' lang='lat' dir='ltr'><strong>ei</strong></span> <span class='ocrx_word' id='word_1_219' title='bbox 787 2234 1132 2306; x_wconf 85' lang='lat' dir='ltr'><strong>competere,</strong></span> <span class='ocrx_word' id='word_1_220' title='bbox 1165 2228 1298 2306; x_wconf 82' lang='lat' dir='ltr'><strong>quia</strong></span> <span class='ocrx_word' id='word_1_221' title='bbox 1328 2226 1579 2285; x_wconf 80' lang='lat' dir='ltr'><strong>extinctoe</strong></span> <span class='ocrx_word' id='word_1_222' title='bbox 1612 2246 1729 2298; x_wconf 86' lang='lat' dir='ltr'><strong>res,</strong></span> <span class='ocrx_word' id='word_1_223' title='bbox 1764 2224 1893 2285; x_wconf 88' lang='lat' dir='ltr'><strong>licet</strong></span> <span class='ocrx_word' id='word_1_224' title='bbox 1920 2225 2203 2284; x_wconf 81' lang='lat' dir='ltr'><strong>vindicari</strong></span> 
     </span>
     <span class='ocr_line' id='line_1_25' title="bbox 366 2316 2198 2425; baseline -0.001 -50"><span class='ocrx_word' id='word_1_225' title='bbox 366 2335 482 2376; x_wconf 91' lang='lat' dir='ltr'><strong>non</strong></span> <span class='ocrx_word' id='word_1_226' title='bbox 531 2318 773 2398; x_wconf 86' lang='lat' dir='ltr'><strong>possint,</strong></span> <span class='ocrx_word' id='word_1_227' title='bbox 818 2318 1047 2378; x_wconf 82' lang='lat' dir='ltr'><strong>cundici.</strong></span> <span class='ocrx_word' id='word_1_228' title='bbox 1083 2327 1270 2425; x_wconf 81' lang='lat' dir='ltr'><strong>tamen</strong></span> <span class='ocrx_word' id='word_1_229' title='bbox 1318 2317 1537 2378; x_wconf 85' lang='lat' dir='ltr'><strong>furibus</strong></span> <span class='ocrx_word' id='word_1_230' title='bbox 1582 2326 1636 2378; x_wconf 87' lang='lat' dir='ltr'><strong>et</strong></span> <span class='ocrx_word' id='word_1_231' title='bbox 1686 2317 2025 2399; x_wconf 83' lang='lat' dir='ltr'><strong>quibusdam</strong></span> <span class='ocrx_word' id='word_1_232' title='bbox 2071 2316 2198 2376; x_wconf 83' lang='lat' dir='ltr'><strong>aliis</strong></span> 
     </span>
     <span class='ocr_line' id='line_1_26' title="bbox 365 2410 1060 2493; baseline 0 -24"><span class='ocrx_word' id='word_1_233' title='bbox 365 2410 781 2491; x_wconf 73' lang='lat' dir='ltr'><strong>possessoribus</strong></span> <span class='ocrx_word' id='word_1_234' title='bbox 807 2420 1060 2493; x_wconf 81' lang='lat' dir='ltr'><strong>possunt.</strong></span> 
     </span>
    </p>
   </div>
  </div>
 </body>
</html>
