2292 3684
495 135 644 177 sust.
671 134 810 176 mer.
847 133 900 176 ι..
933 133 1021 190 ιιι,
1049 133 1104 175 r.
1134 131 1295 176 xxvx.
1336 131 1409 174 ou
1434 129 1719 174 mum-ro.
1764 100 1771 110 ⁴
1906 119 2010 174 495

171 259 344 322 quam
389 242 452 298 in
500 239 816 318 emptiones
863 235 1205 317 proediorum
1250 233 1505 294 collocer.
1562 235 1736 314 Cujus
1785 235 2009 314 generis

173 334 504 394 mandatum
533 334 715 406 magis
741 331 1041 391 consilium
1068 341 1153 392 est
1176 349 1352 410 quam
1378 328 1738 400 mandatum,
1771 337 1825 386 et
1850 328 1924 389 ob
1952 328 2010 386 id

173 447 286 487 nou
332 436 417 486 est
453 425 893 506 obligatorium3
941 426 1074 504 quia
1113 442 1283 483 nemo
1328 443 1397 482 ex
1434 420 1668 482 consilio
1705 420 2007 502 obligatur,

174 522 394 580 etiamsi
429 537 547 578 uon
587 517 844 596 expediat
880 519 930 576 ei
969 519 1059 577 cui
1095 515 1341 587 dubitur,
1372 533 1501 574 cum
1536 514 1782 574 liberum
1809 517 2011 595 cuique

173 618 244 674 sit
289 612 444 695 apud
487 631 548 672 se
596 610 912 692 explores-e
933 631 1008 671 un
1055 609 1315 691 expediat
1354 608 1673 670 consilium.
1726 609 1919 687 Itaque
1965 607 2013 668 si

175 709 417 768 otiosum
447 707 751 785 pecuniam
790 703 942 763 domi
978 713 1033 762 te
1068 701 1375 762 habentem·
1405 701 1661 762 hortatus
1700 700 1869 761 fuerit
1905 699 2013 759 ali-

175 803 304 882 quis
341 807 403 860 ut
435 819 554 860 rem
585 797 838 878 aliquam
867 817 1114 871 emeres,
1149 795 1237 856 vel
1264 815 1391 856 eam
1433 795 1713 866 crederes,
1756 797 2013 875 quamvis

175 913 294 953 non
337 891 598 973 expedint
636 889 740 950 tibi
779 911 904 950 eam
941 893 1142 951 emisse
1184 889 1270 950 vel
1305 881 1630 962 credidisse,
1670 909 1787 949 non
1823 898 2013 949 tamen

174 985 282 1046 tibi
319 984 574 1046 mandeti
613 992 854 1046 tenetur.
889 985 959 1044 Et
995 982 1132 1044 adeo
1166 983 1284 1043 haec
1321 985 1399 1044 itu
1426 991 1587 1056 sunt,
1626 991 1689 1042 ut
1719 984 2015 1063 quaesitum

175 1082 248 1138 sit
293 1099 367 1138 un
407 1077 662 1137 mundati
701 1085 977 1151 teneatur,
1019 1079 1116 1157 qui
1158 1076 1446 1136 mandavit
1479 1075 1579 1136 tihi
1614 1083 1675 1135 ut
1710 1079 2013 1156 pecuniam

176 1173 324 1232 Titio
359 1171 689 1231 foeneruree.
723 1168 832 1230 Sed
871 1169 1114 1230 obtinuit
1152 1167 1348 1230 Sebini
1385 1171 1683 1242 sententia,
1732 1167 2015 1251 obligato-

173 1268 326 1326 rium
368 1284 490 1326 ense
524 1256 586 1324 iu
623 1263 732 1324 hoc
771 1284 903 1324 casu
940 1262 1300 1336 mandatum,
1342 1265 1475 1343 quia
1514 1282 1631 1322 non
1669 1261 1831 1324 aliter
1861 1263 2009 1322 Titio

177 1356 539 1432 credidisses,
574 1375 746 1437 quum
775 1357 824 1415 ei
850 1355 954 1415 tibi
981 1351 1314 1416 mundatum
1342 1364 1503 1417 esset.

261 1463 335 1534 U..
361 1449 509 1511 Illud
537 1470 764 1531 quoque
789 1449 1125 1512 mandatum
1155 1469 1271 1510 non
1300 1457 1381 1510 est
1404 1447 1830 1530 obligatorium,
1864 1448 2015 1532 quod

177 1556 378 1608 contre
415 1543 600 1604 bonos
639 1562 823 1604 mores
855 1553 966 1616 est,
1007 1541 1181 1602 veluti
1215 1544 1263 1601 si
1299 1543 1472 1602 Titius
1502 1541 1571 1601 de
1612 1541 1785 1614 furto,
1819 1551 1919 1602 aut
1948 1541 2015 1602 de

179 1639 391 1698 damno
415 1634 700 1708 faciendo,
734 1645 830 1695 aut
857 1635 969 1694 de·
953 1635 1165 1714 injuria
1188 1631 1444 1694 facienda
1474 1633 1574 1694 tibi
1598 1633 1857 1706 mundet·
1888 1633 2017 1695 licet

177 1733 332 1790 enim
373 1748 604 1812 poenam
641 1730 802 1788 istius
838 1726 974 1787 facti
1007 1729 1239 1787 nomine
1280 1729 1629 1807 praestiteris,
1673 1747 1791 1787 non
1824 1735 2013 1788 tumen

176 1820 356 1882 ullum
381 1817 562 1882 hebes
590 1819 857 1896 adversus
883 1820 1093 1879 Titium
1123 1820 1418 1880 actionem.

250 2206 322 2256 S.
354 2196 410 2256 Is
448 2197 546 2278 qui
567 2195 862 2273 exequitur
881 2193 1248 2268 mandatum,
1271 2213 1387 2253 non
1408 2192 1573 2254 debet
1592 2193 1857 2254 excedere
1876 2193 2017 2254 fines

172 2287 468 2350 mandati.
503 2296 564 2347 ut
592 2307 747 2358 ecce,
780 2289 828 2348 si
868 2289 994 2367 quis
1031 2307 1211 2370 usque
1240 2288 1311 2348 ad
1346 2296 1572 2348 centum
1610 2308 1811 2374 aureoq
1846 2311 2017 2351 men-

171 2381 386 2442 daverit
411 2379 518 2440 tibi
548 2387 608 2441 ut
635 2377 880 2440 fundum
909 2398 1142 2454 emeres,
1168 2380 1256 2440 vel
1285 2389 1344 2438 ut
1375 2401 1481 2462 pro
1508 2381 1655 2446 Titio
1682 2381 2009 2464 sponderes,

171 2495 358 2556 neque
387 2472 569 2556 pluris
597 2492 786 2534 emere
815 2470 1014 2547 debes,
1047 2493 1233 2553 neque
1258 2474 1319 2532 iu
1346 2471 1685 2556 ampliorem
1712 2477 2013 2556 pecuniam

168 2567 516 2652 fidejubere;
547 2567 799 2648 alioquin
838 2587 956 2628 uon
999 2566 1239 2628 hebebis
1276 2587 1408 2628 cum
1444 2586 1514 2628 eo
1546 2567 1799 2630 mandati
1838 2571 2013 2628 actio-

169 2682 322 2724 nem.
365 2659 526 2722 Adeo
547 2658 776 2740 quidem
811 2668 873 2719 ut
899 2657 1110 2722 Sabino
1139 2670 1195 2722 et
1222 2660 1415 2720 Caesio
1455 2659 1761 2742 placuerit,
1794 2663 2013 2722 etiamsi

173 2771 358 2832 usque
393 2750 468 2809 ad
508 2760 734 2809 centum
762 2769 966 2810 aureos
997 2771 1128 2810 cum
1159 2771 1225 2810 eo
1254 2770 1419 2832 agere
1455 2751 1617 2826 velie,
1658 2752 1929 2810 inutiliter
1961 2759 2013 2812 te

170 2855 450 2905 acturum.
486 2844 727 2904 Diversoe
763 2842 966 2903 scholae
999 2854 1255 2905 auctores
1291 2855 1437 2904 recte
1476 2865 1652 2926 usque
1686 2844 1756 2905 ad
1786 2855 2011 2906 centum

171 2958 374 3000 aureos
413 2949 466 2999 te
504 2935 760 2998 acturum
805 2939 1157 3012 existimant3
1205 2960 1327 3020 quae
1369 2943 1645 3000 sententia
1684 2961 1819 3001 sane
1856 2941 2014 3000 beni-

169 3037 336 3115 gnior
364 3040 464 3093 est.
500 3031 674 3104 Quod.
690 3035 736 3092 si
765 3025 1000 3093 minoris
1030 3035 1260 3106 emeriti,
1292 3033 1529 3092 habebis
1558 3034 1766 3095 scilicet
1788 3055 1915 3094 cum
1946 3055 2012 3094 eo

171 3131 484 3198 actione'm3
519 3129 788 3209 quoniam
820 3131 916 3208 qui
943 3128 1177 3188 mundat
1212 3137 1273 3187 ut
1304 3128 1413 3187 sibi
1442 3137 1667 3189 centum
1709 3149 2010 3189 aureorum

171 3219 384 3282 fundus
411 3225 712 3292 emeretur,
745 3223 793 3279 is
823 3225 1015 3302 utique
1042 3223 1345 3282 mundasse
1372 3222 1701 3302 intelligitur
1732 3230 1795 3282 ut
1824 3225 2014 3281 mino-

175 3318 278 3392 ris,
309 3319 354 3378 si
386 3318 600 3398 possit,
636 3327 931 3376 emeretur.
