2292 3684
291 68 395 125 522
431 78 548 123 cm
577 78 724 123 mer.
761 78 811 119 e.
839 75 925 131 ιιι,
963 65 1026 131 ss
1055 60 1317 121 ast-⁴97.
1356 74 1544 167 ost-103
1574 78 1653 120 xx
1678 76 1933 119 nanc-ro.
1958 76 2131 119 ruer.

289 187 472 267 magis
513 183 666 266 quod
699 183 780 242 ita
814 182 1046 263 quaesita
1087 200 1179 242 res
1221 182 1451 243 inventa
1492 182 1703 263 maiori
1740 200 1903 263 penoe
1942 181 2133 261 subji-

290 280 490 337 ciatur.
515 274 728 335 Deinde
754 273 908 353 quod
933 272 1158 333 lancem
1182 274 1299 334 sive
1320 274 1449 335 ideo
1474 274 1675 335 haberi
1691 273 1895 356 jubeat
1920 284 1987 334 ut
2010 294 2133 333 ma·-

289 370 460 431 nibus
487 364 816 455 occupantis
842 365 986 426 nihil
1015 364 1381 447 subjiciatur,
1407 371 1525 429 sive
1550 368 1679 429 ideo
1704 378 1766 429 ut
1796 366 1953 449 quod
1978 369 2135 427 inve-

290 465 440 524 nerit
478 461 564 522 ibi
605 463 890 541 imponat,
928 455 1197 519 neutru'm
1242 480 1441 520 corum
1486 460 1768 541 procedit,
1800 461 1847 519 si
1884 460 1947 519 id
1980 460 2136 541 qued

291 554 724 643 quaeraturerus
749 552 1159 633 magnitudinis
1187 563 1284 614 aut
1310 561 1527 615 natum
1554 556 1651 627 sit,
1680 562 1747 613 ut
1778 571 1967 635 neque
1994 552 2137 613 sub·

286 650 386 729 jici
422 666 608 728 neque
641 642 726 704 ibi
762 647 984 726 imponi
1011 646 1208 725 possit.
1240 648 1405 706 Certe
1432 666 1549 706 non
1582 643 1903 718 dubitatur,
1934 648 2137 727 eujus-

291 759 534 821 cumque
559 739 809 798 materioe
834 738 915 800 sit
933 756 1000 797 ea
1026 736 1163 797 lanx
1180 782 1197 809 ,
1228 740 1365 799 satis
1386 738 1498 821 legi
1526 737 1672 799 fieri.
1722 736 1729 746 '
1762 748 1925 801 1⁹4.
1952 738 2151 819 Prop·‘

293 842 380 894 ter
405 833 515 917 hpc
548 840 738 891 tamen
771 830 924 911 quod
962 827 1053 889 lex
1087 849 1159 890 ex
1196 850 1265 891 ea
1303 852 1473 893 causa
1508 830 1879 892 manifestum
1915 831 2139 891 furtum

293 948 414 989 esse
434 926 628 1007 jubet,
661 934 795 985 sunt
819 925 919 1005 qui
947 922 1203 985 scribunt
1234 926 1453 987 furtum
1488 926 1857 987 manifestum
1884 932 1987 985 aut
2012 924 2139 1006 lege

296 1030 396 1083 aut
430 1028 638 1081 natura
667 1016 984 1099 (inulliqi)
1023 1039 1047 1103 ².
1077 1018 1202 1100 lege
1235 1019 1297 1078 id
1328 1022 1521 1103 ipsum
1558 1020 1629 1081 de
1661 1040 1779 1102 quo
1813 1020 2137 1100 loquimur,

302 1122 510 1175 natura
545 1112 686 1173 illud
713 1110 793 1172 de
827 1131 942 1192 quo
983 1115 1246 1193 superius
1274 1117 1654 1197 exposuimus.
1688 1113 1795 1175 Sed
1832 1115 2018 1201 verius
2054 1120 2145 1172 est

297 1216 504 1269 natura
527 1214 750 1269 tentum
775 1204 1140 1265 manifestum
1176 1206 1395 1267 furtum
1426 1206 1667 1289 intelligi
1700 1228 1715 1267 e
1754 1224 1943 1287 neque
1978 1204 2141 1265 enim

298 1302 388 1364 lex
419 1302 604 1362 facere
628 1307 838 1383 potest,
870 1308 932 1359 ut
959 1302 1059 1381 qui
1085 1300 1420 1363 manifestus
1454 1302 1548 1363 fur
1584 1320 1703 1362 non
1731 1303 1831 1376 sit,
1860 1300 2143 1361 manifes-

299 1406 390 1457 tus
417 1398 516 1469 sit,
547 1415 664 1455 non
691 1396 872 1475 magis
902 1412 1076 1474 quam
1105 1393 1219 1475 (ut)
1251 1397 1351 1477 qui
1378 1398 1614 1457 omnino
1642 1396 1741 1455 fur
1765 1414 1883 1455 non
1910 1395 2009 1465 ait,
2042 1392 2142 1453 fur

300 1492 393 1562 sit,
425 1496 482 1549 et
507 1490 606 1570 qui
633 1486 852 1547 adulter
879 1494 976 1546 sut
1001 1486 1289 1548 homicida
1315 1509 1433 1550 non
1462 1491 1551 1562 sit,
1585 1486 1807 1549 adulter
1830 1486 1921 1547 vel
1944 1486 2144 1547 homi-

303 1583 429 1642 cida
454 1584 549 1651 sit3
583 1588 640 1641 et
665 1580 806 1639 illud
835 1600 971 1639 sane
1001 1574 1093 1639 lex
1128 1579 1312 1641 facere
1340 1590 1548 1663 potest,
1578 1590 1641 1641 ut
1668 1580 1906 1661 perinde
1932 1578 2144 1660 aliquis

303 1694 473 1757 poena
499 1682 759 1734 teneatur
784 1681 953 1754 atque
979 1674 1026 1732 si
1055 1673 1301 1746 furtum,
1327 1674 1415 1735 vel
1440 1674 1811 1745 adulterium,
1842 1672 1931 1733 vel
1958 1672 2147 1731 homi-

303 1770 514 1831 cidium
541 1768 909 1841 admississet,
942 1770 1201 1847 quamvis
1230 1768 1375 1828 nihil
1400 1788 1600 1828 eorum
1628 1767 1932 1827 admiserit.

357 1877 362 1883 '
390 1873 550 1925 195.
586 1863 822 1921 Furtum
851 1868 1040 1921 autem
1067 1860 1157 1933 fit,
1198 1881 1315 1922 non
1352 1860 1537 1921 solum
1578 1881 1709 1922 cum
1746 1862 1873 1942 quis
1910 1861 2145 1920 interci-

308 1956 500 2040 piendi
541 1976 711 2017 causa
752 1976 874 2016 rem
915 1955 1165 2016 alienam
1205 1964 1461 2031 amovet,
1500 1956 1598 2016 sed
1634 1955 1973 2039 generaliter
2012 1975 2145 2015 cum

310 2054 436 2133 quis
471 2070 594 2111 rem
621 2050 865 2110 alienam
887 2052 1062 2110 invito
1082 2051 1312 2111 domino
1340 2057 1685 2111 contrectat·
1758 2060 1918 2111 loo.
1946 2050 2145 2130 ltaque

310 2148 358 2206 si
387 2146 513 2227 quis
540 2164 602 2205 re
630 2164 752 2225 quae
781 2144 933 2223 apud
959 2164 1090 2203 eum
1117 2144 1375 2226 deposita
1402 2146 1473 2203 sit
1500 2152 1722 2217 utatur,
1747 2143 1964 2203 furtum
1992 2162 2146 2203 com-

311 2240 480 2297 mittit
499 2259 514 2309 ς
545 2245 601 2297 et
626 2239 675 2296 si
703 2238 830 2317 quis
851 2236 1118 2295 utendam
1145 2256 1268 2295 rem
1290 2239 1599 2319 acceperit,
1626 2256 1865 2317 eumque
1884 2236 1945 2294 in
1967 2232 2147 2294 alium

226 2318 238 2325 ⁶
311 2350 480 2391 usum
503 2328 875 2409 transtulerit,
907 2327 1044 2387 furti
1070 2327 1388 2409 obligatur:
1412 2326 1583 2389 veluti
1610 2330 1660 2388 si
1688 2331 1816 2409 quis
1844 2336 2143 2408 argentum

314 2422 588 2484 utendum
606 2420 1104 2502 acceperit,(quod)
1119 2422 1285 2501 quasi
1312 2424 1523 2481 amicos
1546 2422 1619 2481 ad
1642 2440 1861 2481 coeuam
1882 2422 2144 2480 invitatu·

316 2538 414 2577 rus
431 2518 795 2598 rogaverit,et
815 2515 870 2573 id
887 2535 1124 2596 peregre
1147 2534 1335 2574 secum
1354 2514 1569 2587 tulerit3
1599 2524 1695 2575 aut
1716 2518 1763 2574 si
1784 2518 1911 2596 quis
1933 2534 2142 2596 equum

313 2610 566 2693 gestandi
591 2612 772 2690 gratia
793 2609 1212 2669 commodatum
1236 2608 1460 2691 longius
1482 2628 1669 2669 secum
1692 2608 1883 2690 aliquo
1904 2608 2143 2679 duxerit,

317 2705 468 2786 quod
497 2718 704 2764 veteres
737 2706 1081 2782 scripserunt
1109 2700 1178 2760 de
1209 2722 1276 2762 eo
1310 2705 1405 2783 qui
1433 2706 1494 2762 in
1521 2706 1699 2762 aciem
1730 2703 2101 2782 perduxisset.

403 2807 564 2857 19¹8.
597 2795 813 2855 Placuit
851 2803 1040 2855 tamen
1084 2814 1179 2855 eos
1220 2797 1318 2875 qui
1355 2795 1526 2856 rebus
1574 2794 1944 2855 commodatis
1992 2792 2151 2853 aliter

320 2896 612 2950 uterentur
647 2907 819 2968 quam
855 2887 1092 2947 utendas
1129 2890 1503 2967 accepissent,
1536 2890 1613 2947 ita
1640 2887 1858 2948 furtum
1887 2889 2153 2947 commit-

319 2994 462 3055 tere,
495 2986 543 3042 si
570 2982 888 3062 intelligant
915 2980 971 3039 id
999 3002 1058 3040 se
1087 2982 1263 3040 invito
1292 2982 1524 3041 domino
1552 2981 1770 3054 facere,
1802 3000 2073 3061 eumque,
2106 2981 2153 3040 si

322 3076 712 3149 intellexisset,
743 3095 858 3134 non
890 3077 1331 3155 permissurum3
1366 3084 1420 3135 et
1446 3078 1493 3135 si
1525 3078 1939 3156 permissurum
1958 3074 2155 3135 crede-

321 3180 476 3242 rent,
503 3180 662 3231 extra
689 3170 826 3228 furti
859 3171 1071 3229 crimen
1105 3168 1279 3229 videri
1307 3191 1320 3228 :
1360 3172 1577 3251 optima
1605 3190 1741 3229 sane
1768 3170 2151 3239 distinctione,

325 3265 460 3343 quia
489 3263 700 3323 furtum
729 3264 850 3321 sine
878 3260 1008 3321 dolo
1035 3260 1190 3322 malo
1217 3282 1335 3323 non
1361 3264 1749 3327 committitur.
