2292 3684
157 121 308 166 sust.
345 122 490 166 mss.
523 124 579 167 ι..
609 125 688 180 ιν,
714 125 770 166 τ.
799 127 839 168 ι.
873 125 946 166 nn
975 127 1427 174 oamonsoflmus
1455 131 1529 174 nx
1558 131 1805 176 numero.
1855 117 1959 178 527

217 987 329 1037 ιι.
382 974 670 1034 Interdum
705 974 844 1035 furti
877 981 1102 1034 tenetur
1127 977 1225 1055 qui
1262 977 1385 1055 ipse
1410 975 1627 1047 furtum
1654 995 1770 1036 non
1802 975 1961 1056 feeit,

126 1069 316 1152 qualis
349 1078 431 1129 est
471 1071 632 1150 cujus
668 1090 776 1150 ope
815 1067 1051 1129 consilio
1090 1068 1307 1128 furtum
1343 1069 1555 1130 factum
1592 1078 1693 1130 est.
1739 1071 1804 1130 lu
1850 1092 1964 1152 quo

127 1182 375 1224 numero
401 1169 511 1235 est,
540 1163 636 1242 qui
658 1161 762 1220 tibi
785 1181 1050 1222 nummos
1069 1163 1327 1234 excussit,
1356 1171 1417 1220 ut
1434 1161 1579 1222 alius
1601 1183 1697 1222 eos
1721 1173 1960 1243 raperet,

129 1267 232 1317 aut
273 1256 380 1316 tibi
425 1253 664 1328 obstitit,
709 1265 772 1315 ut
806 1255 950 1316 alius
989 1253 1112 1315 rem
1150 1267 1305 1315 tuem
1342 1257 1650 1338 exciperet,
1703 1265 1799 1316 eut
1836 1277 1965 1318 oves

127 1360 258 1410 tuas
287 1349 376 1409 vel
403 1347 573 1410 boves
600 1349 844 1430 fugavit,
875 1358 940 1408 ut
967 1349 1110 1408 alius
1133 1369 1229 1408 eas
1256 1359 1511 1431 caperet;
1544 1359 1598 1410 et
1618 1349 1727 1410 hoe
1754 1359 1965 1412 veteres
1988 1353 2017 1414 Ι

130 1445 486 1526 scripserunt
512 1443 582 1502 de
609 1463 676 1502 eo
705 1445 804 1523 qui
831 1462 1022 1524 panno
1053 1441 1229 1504 rubro
1256 1443 1469 1522 fugavit
1498 1451 1837 1504 armentum.
1860 1445 1968 1506 Sed

131 1540 180 1596 si
207 1537 343 1620 quid
375 1557 572 1596 eorum
600 1556 703 1618 per
728 1535 1019 1598 lasciviam
1035 1582 1050 1610 ,
1077 1545 1132 1596 et
1160 1555 1277 1596 uon
1304 1535 1435 1595 data
1462 1555 1637 1617 opera
1664 1545 1724 1597 ut
1751 1538 1966 1600 furtum

130 1631 547 1704 admitteretur,
579 1629 794 1691 factum
820 1639 933 1702 est,
963 1632 1024 1690 in
1053 1629 1267 1690 fuctum
1294 1631 1440 1690 actio
1465 1630 1591 1692 duri
1616 1629 1803 1694 debet.

213 1907 288 1966 At
333 1904 436 1966 ubi
489 1925 597 1986 ope
643 1895 823 1964 Maerii
863 1906 1042 1966 Titius
1085 1906 1302 1966 furtum
1349 1907 1571 1978 feeerit,
1623 1907 1793 1968 ambo
1834 1907 1973 1974 furti

133 2006 418 2064 tenentur.
449 1999 572 2080 Ope
592 1999 828 2060 oonsilio
853 2001 976 2081 ejus
1001 2020 1226 2083 quoque
1249 2001 1465 2061 furtum
1489 2001 1709 2061 admitti
1730 2002 1967 2078 videtur,

131 2096 233 2176 qui
275 2091 456 2155 scalas
501 2092 646 2153 forte
690 2092 950 2152 fenestris
1001 2097 1329 2174 supposuit,
1381 2104 1477 2154 aut
1512 2096 1665 2174 ipsas
1698 2095 1973 2156 fenestras

131 2187 221 2249 vel
258 2189 466 2248 ostium
505 2187 730 2268 effregit
762 2195 824 2246 ut
863 2186 1007 2247 alius
1051 2187 1270 2260 furtum
1304 2188 1542 2262 faceret,
1583 2191 1750 2270 quive
1784 2189 1971 2252 ferra-

133 2289 330 2341 menta
357 2279 429 2340 ad
455 2279 901 2360 effringendum,
947 2289 1044 2340 aut
1075 2280 1255 2340 scates
1290 2289 1353 2340 ut
1392 2281 1651 2342 fenestris
1678 2302 1969 2366 suppone-

135 2385 356 2448 rentur,
394 2373 880 2444 commodaverit„
897 2374 1078 2434 sciens
1106 2377 1269 2454 eujus
1296 2378 1479 2456 gratia
1508 2377 1962 2438 commodaverit.

133 2469 305 2529 Certe
339 2469 438 2549 qui
475 2465 694 2527 nullum
736 2486 925 2546 opem,
947 2465 1019 2525 ad
1056 2467 1276 2528 furtum·
1313 2467 1637 2530 faciendum
1674 2469 1964 2546 adhibuit,

135 2563 236 2622 sed
276 2570 498 2621 tantum
523 2561 821 2622 consilium
849 2560 1027 2633 dedit,
1061 2569 1229 2644 atque
1255 2561 1511 2624 hortatus
1540 2573 1621 2624 est
1649 2565 1721 2623 ad
1752 2565 1968 2626 furtum

136 2655 494 2726 faciendum,
527 2675 644 2714 non
669 2665 894 2714 tenetur
923 2655 1073 2714 furti.

201 2759 332 2810 12.
365 2749 438 2807 Hi
472 2750 568 2828 qui
596 2750 657 2807 in
685 2757 985 2828 parentum
1011 2747 1099 2808 vel
1123 2749 1487 2809 dominorum
1516 2757 1789 2831 potestate
1814 2764 1965 2828 sunt,

139 2845 185 2902 si
214 2862 340 2902 rem
369 2843 450 2900 eis
479 2840 826 2922 subripiant,
874 2841 1089 2900 furtum
1118 2842 1347 2922 quidem
1378 2841 1489 2901 inis
1514 2843 1757 2915 faciunt,
1790 2855 1845 2905 et
1882 2867 1971 2907 res

135 2939 196 2996 in
223 2936 498 2996 furtivum
519 2923 750 2994 causam
777 2934 948 3006 cadit,
980 2953 1084 2994 nec
1111 2931 1187 2994 ob
1212 2934 1265 2993 id
1293 2933 1366 2992 ab
1389 2935 1508 2995 ullo
1530 2941 1765 3017 usucapi
1790 2950 1971 3019 potest

137 3039 445 3112 antequam
473 3031 532 3089 in
563 3030 776 3089 domini
803 3037 1133 3111 potestatem
1162 3038 1502 3101 rever-tatum
1536 3032 1633 3091 sed
1660 3031 1798 3092 furti
1826 3035 1968 3096 actio

139 3147 256 3187 non
278 3125 554 3197 nascitur,
595 3125 731 3204 quia
763 3143 868 3183 nec
901 3143 969 3183 ex
1004 3120 1117 3182 alia
1143 3122 1263 3182 ulla
1288 3144 1460 3184 causa
1490 3133 1669 3206 potest
1701 3128 1847 3186 inter
1875 3147 1971 3189 eos

141 3221 288 3282 aetio
330 3219 506 3278 nasci.
550 3215 608 3276 si
645 3235 777 3276 vero
813 3235 919 3295 ope
953 3213 1189 3276 consilio
1230 3215 1459 3276 alterius
1506 3219 1721 3278 furtum
1761 3217 1973 3279 factum

143 3314 344 3392 fuerit,
385 3311 520 3394 quia
554 3312 748 3392 utique
784 3309 1002 3372 furtum
1030 3312 1416 3384 committitur,
1448 3314 1844 3374 convenienter
1877 3312 1975 3374 ille
