2292 3684
363 64 467 119 29⁸
522 79 633 120 mn
660 78 800 123 mer.
838 80 893 120 o.
920 78 986 135 n,
1027 68 1087 133 33
1122 66 1392 123 ‘ni-226.
1435 76 1507 122 n
1535 76 1787 122 tuente.
1815 64 1898 121 ω’
1929 76 1998 119 ι.
2029 74 2201 119 rato

356 186 639 245 cntionem
663 206 791 247 cam
820 206 944 247 rem
982 185 1228 268 legatam
1265 181 1488 247 videri:
1525 206 1652 269 quae
1689 186 2002 273 sententia
2037 183 2201 244 dicit

358 277 471 337 divi
516 278 789 341 Hadriani
830 283 1230 341 constitutione
1263 281 1602 343 confirmata
1641 300 1784 341 esse.
1885 290 2094 341 289.
2155 278 2202 337 S

358 372 609 432 eundum
636 374 787 435 hanc
812 378 989 456 igitur
1014 377 1376 456 opinionem,
1401 378 1449 435 si
1486 396 1556 436 ea
1583 394 1676 435 rea
1705 375 1876 456 (eoe)'
1849 394 2018 455 jure
2049 372 2202 443 Qui:

359 468 501 526 tium
527 466 777 528 defuncti
818 468 1016 541 fuerit,
1058 476 1243 550 potest
1277 489 1314 529 a
1353 468 1628 551 legatario
1669 468 1999 541 vindicari,
2041 470 2174 527 sive

359 582 508 623 unua
530 582 601 624 ex
624 562 929 623 heredibus
958 566 1057 637 sit,
1092 566 1210 625 eive
1237 572 1562 636 extraneum
1601 572 1659 624 et
1693 566 1742 624 si
1780 566 1843 623 in
1885 564 2098 625 bonis
2129 572 2202 622 tat

356 663 478 715 tum
505 659 786 717 testatoris
814 657 1018 730 fuerit,
1050 667 1318 719 extraneo
1350 658 1580 740 quidem
1615 678 1686 717 ex
1713 656 2196 719 senatusconsul

358 746 497 808 utile
522 750 631 808 erit
654 748 907 831 legatum
920 796 935 821 ,
965 750 1164 810 heredi
1199 770 1334 810 vero
1361 748 1593 809 familiai
1620 750 1987 810 erciscundoe
2022 748 2202 831 judic

357 842 546 903 officio
585 843 982 923 prestabitun
1015 844 1198 927 quod,
1245 847 1294 905 ei
1327 843 1488 903 nullo
1513 846 1650 925 jure
1689 844 1860 906 fuerit
1873 846 2202 905 “testatoris

353 944 472 995 tam
513 935 707 997 heredi
742 956 917 1019 quam
952 946 1222 999 extraneo
1261 956 1330 999 ex
1372 937 1861 999 senatusconsulto
1900 938 2072 999 utile
2111 940 2200 997 eri

355 1038 520 1091 288.
553 1028 677 1089 Sive
706 1036 899 1090 tamen
918 1029 1247 1104 heredibus,
1281 1029 1596 1091 secundum
1621 1040 1964 1091 nostrorum
1997 1032 2202 1111 ophni<

354 1142 509 1194 nem,
543 1126 659 1185 eive
686 1126 857 1185 etiam
886 1127 1197 1200 extraneis,
1234 1126 1548 1187 secundum
1575 1123 1808 1187 illorum
1827 1120 2202 1206 'opinione-

352 1214 577 1275 duobus
609 1215 939 1297 pluribusve
976 1217 1178 1277 eadem
1213 1237 1306 1278 ree
1343 1219 1697 1298 conjunctim
1735 1228 1834 1280 ant
1872 1218 2202 1299 disjunctim

352 1306 539 1389 legata
560 1307 759 1383 fuerit,
788 1308 999 1391 singuli
1026 1317 1220 1392 partes
1238 1308 1453 1371 babere
1478 1310 1709 1373 debent.

949 1478 1019 1519 An
1059 1479 1241 1523 LEGE!
1279 1480 1580 1524 rumman-

432 1584 596 1641 πμ.
643 1574 752 1635 Sed
778 1574 917 1636 olim
946 1576 1175 1656 quidem
1213 1576 1420 1638 licebat
1456 1586 1640 1639 totum
1681 1580 2115 1660 patrimonium
2145 1576 2201 1637 le-

352 1669 495 1748 gatis
521 1675 691 1748 atque
718 1666 1079 1729 libertatibus
1106 1688 1371 1751 erogare,
1403 1691 1508 1730 nec
1539 1672 1843 1751 quicquam
1875 1670 2091 1733 heredi
2121 1690 2202 1727 re-

346 1761 607 1843 linquere
632 1769 1013 1849 praeterquam
1047 1764 1221 1823 inane
1247 1782 1460 1823 nomen
1487 1764 1743 1835 heredis;
1777 1764 1948 1846 idque
1990 1764 2090 1824 lex
2117 1758 2202 1821 XI]

348 1855 675 1915 tabularum
697 1857 1023 1934 permittere
1042 1854 1362 1931 videbatur,
1387 1877 1502 1937 qua
1529 1866 1758 1917 cavetur
1777 1866 1838 1916 ut
1867 1856 2032 1938 quod
2058 1857 2200 1937 quis·

350 1970 460 2029 que
489 1949 557 2009 de
584 1968 646 2007 re
674 1968 777 2008 sua
803 1956 1037 2009 testatus
1066 1959 1242 2023 esset,
1275 1949 1335 2009 id
1363 1960 1553 2009 ratum
1583 1948 1910 2023 haberetur,
1947 1952 2046 2011 hia
2077 1969 2200 2009 rer-

349 2041 436 2102 bis
469 2066 483 2103 :
513 2044 607 2102 Uri
645 2059 891 2101 Lmasstr
930 2060 1031 2103 suae
1076 2060 1166 2103 nm
1211 2062 1292 2101 m
1329 2062 1417 2104 ms
1451 2062 1596 2105 nero.
1643 2044 1830 2117 Quare
1859 2046 1962 2125 qui
2003 2040 2200 2123 scripti

344 2136 580 2197 heredes
625 2144 819 2211 erant,
861 2136 935 2197 ab
980 2136 1292 2197 hereditate
1338 2158 1398 2199 ee
1439 2136 1834 2210 abstinebant,
1878 2145 1936 2197 et
1985 2137 2197 2196 idcirco

344 2234 602 2314 plerique
626 2234 875 2293 intestati
900 2232 1804 2312 moriebantur.2²5.1taque
1833 2230 1954 2291 lata
1989 2238 2082 2293 est
2111 2227 2198 2288 lex

344 2326 546 2399 Furia,
596 2345 741 2405 qua,
788 2328 1034 2407 exceptis
1083 2328 1344 2406 personis
1393 2324 1766 2405 quibusdam,
1818 2328 2021 2386 ceteris
2064 2322 2190 2405 plus

343 2405 503 2478 mille
553 2416 777 2477 assibus
820 2418 1136 2500 legatorum
1184 2418 1418 2477 nomine
1459 2419 1726 2478 mortisve
1769 2437 1944 2479 causa
1987 2431 2192 2498 capere

342 2515 687 2595 permissum
710 2533 825 2573 nou
855 2522 958 2574 est.
992 2513 1101 2573 Sed
1128 2521 1184 2572 et
1209 2513 1331 2573 haec
1355 2512 1447 2573 lex
1475 2532 1592 2573 non
1625 2512 1865 2593 perfecit
1903 2510 2055 2593 quod
2083 2527 2180 2568 vo-

340 2608 490 2667 luit:
523 2610 623 2689 qui
650 2609 805 2667 enim
828 2608 986 2668 verbi
1015 2610 1199 2689 gratia
1227 2609 1480 2688 quinque
1503 2606 1746 2667 millium
1771 2608 1897 2666 aeria
1917 2606 2184 2687 patrimo·

340 2705 500 2763 nium
530 2699 809 2772 habebat,
842 2710 1063 2782 poterat
1090 2702 1345 2783 quinque
1371 2700 1702 2761 homiuibus
1731 2700 1970 2782 singulis
1994 2696 2174 2759 mille—

342 2814 447 2855 nos
476 2816 629 2855 asses
648 2794 889 2876 legando
914 2804 1095 2853 totum
1126 2797 1537 2875 patrimonium
1565 2800 1814 2875 erogare.
1861 2806 2026 2856 220.
2049 2791 2172 2852 ideo

264 2880 275 2901 ⁶
340 2898 537 2971 postea
564 2887 677 2948 lata
713 2898 795 2947 est
832 2888 922 2948 lex
948 2888 1197 2948 Voconia
1217 2934 1234 2960 ,
1264 2908 1379 2971 qua
1413 2888 1644 2950 cautum
1677 2896 1787 2961 est,
1821 2908 1894 2948 ne
1931 2890 2017 2949 cui
2049 2885 2166 2967 plus

336 2984 657 3067 legatorum
696 2984 928 3044 nomine
966 2982 1238 3043 mortisve
1284 3003 1457 3044 causa
1495 3002 1697 3064 capere
1741 2982 1961 3055 liceret,
2003 2996 2166 3062 quam

334 3078 573 3139 heredes
600 3085 888 3158 caperent.
922 3079 1004 3137 Ex
1036 3099 1150 3158 qua
1186 3075 1306 3159 lege
1350 3078 1522 3159 plane
1549 3078 1776 3158 quidem
1819 3074 2028 3156 aliquid
2055 3074 2158 3132 uti-

338 3190 449 3251 que
489 3170 721 3229 heredes
763 3168 975 3230 habere
1020 3168 1390 3242 videbantur,
1439 3170 1534 3229 sed
1582 3180 1770 3231 tamen
1815 3170 1933 3230 fere
1971 3170 2149 3229 vitium

338 3263 521 3323 simile
539 3264 908 3335 nascebatur3
940 3284 1105 3335 nam,
1138 3266 1200 3321 iu
1229 3263 1440 3323 multas
1466 3265 1870 3346 legatariorum
1899 3277 2150 3345 personas
