2292 3684
387 57 488 109 ⁴88
527 68 643 110 em
673 68 819 109 msr.
859 68 911 109 c.
947 68 1008 122 n,
1049 51 1113 124 ἐξ
1139 54 1333 109 65·,69.
1367 67 1440 109 ott
1464 66 1741 109 anunm
1770 67 1987 107 noum.
2016 52 2209 115 Ano&

382 169 628 241 liceret&
654 191 766 250 quo
808 189 938 229 casu
979 168 1250 229 lucrativa
1289 172 1558 251 usucapio
1595 172 1879 251 competit.
1924 180 2072 229 ol.
2126 170 2211 241 Ite

387 268 434 323 si
465 285 582 324 rem
627 263 935 343 obligatam
971 264 1078 322 sibi
1120 263 1362 344 populus
1392 263 1729 336 vendiderit,
1762 282 2027 344 eamque
2060 262 2211 323 dom

386 378 494 417 nus
535 357 867 435 possederit,
911 376 1179 415 concessa
1218 365 1301 415 est
1341 359 1690 437 usureceptio
1729 379 1743 414 ε
1786 354 1891 415 sed
1940 354 2072 414 hoc
2126 374 2210 413 cas

389 450 658 530 praedium
700 448 930 508 biennio
968 450 1360 529 usurecipitur.
1394 449 1462 506 Et
1491 448 1597 509 boc
1628 458 1710 507 est
1739 446 1893 528 quod
1930 446 2133 527 vulgo
2176 446 2211 505 d

387 545 555 614 citur,
615 563 681 601 ex
728 540 1066 622 praediatura
1124 543 1531 621 possessionem
1571 543 1887 623 usurecipi3
1950 560 2113 599 nam
2164 560 2212 622 q!

384 646 667 695 mercatur
694 657 726 693 a
764 634 1004 716 populo,
1037 635 1335 715 proediator
1363 634 1683 715 appellatur
1708 635 1811 715 (1).
2210 628 2212 637 Α

465 739 581 789 65.
619 729 864 808 Ergo-ax
905 727 993 786 his
1032 748 1154 807 quae
1190 728 1433 786 diximus
1476 727 1711 807 adparet
1748 725 2023 807 quasdam
2070 734 2213 787 nats

387 822 491 881 rali
516 823 646 901 jure
671 821 933 891 alienari,
968 820 1159 901 qualia
1196 829 1328 879 sunt
1362 840 1430 879 ea
1471 841 1595 900 quae
1624 820 1928 879 traditione
1968 820 2213 879 alienat

388 926 505 985 tut-3
540 914 792 994 quaedam
819 914 985 985 civili,
1019 934 1151 971 nam
1185 916 1618 993 mancipationis
1644 922 1695 971 et
1722 915 1779 971 in
1800 915 1938 992 jure
1958 916 2203 973 cession

389 1019 443 1066 et
472 1009 835 1087 usucapionis
855 1007 950 1084 jus
981 1008 1275 1086 proprium
1304 1016 1386 1065 eat
1412 1008 1618 1065 civium
1642 1006 2068 1067 Romanorum.

465 1112 583 1162 86.
618 1102 730 1159 Nec
764 1109 951 1158 tamen
981 1120 1047 1158 ea
1082 1106 1301 1158 tantum
1332 1118 1455 1179 quoe
1485 1099 1782 1159 traditione
1816 1110 2015 1159 nostra
2056 1098 2215 1157 fiunt

390 1192 634 1253 naturali
671 1192 837 1251 nobis
877 1194 1092 1251 ratione
1128 1190 1523 1272 adquiruntur,
1556 1191 1651 1251 sed
1690 1195 1859 1251 etiam
1888 1212 2023 1273 quoe
2058 1212 2211 1251 occu

391 1286 580 1367 pando
596 1285 720 1345 ideo
738 1292 937 1345 nostra
933 1285 1266 1363 fecerimus,
1284 1288 1419 1365 quia
1434 1292 1601 1344 antea
1620 1284 1831 1344 nullius
1850 1295 2067 1346 essent:
2096 1306 2215 1367 qua

390 1379 466 1438 lia
500 1390 631 1439 sunt
659 1381 850 1438 omnia
877 1399 999 1458 quoe
1029 1388 1207 1451 terra,
1242 1380 1404 1451 mari,
1436 1378 1577 1439 coelo
1604 1381 1925 1461 capiuntur.
1962 1388 2091 1441 ov.
2126 1381 2216 1439 lta

391 1490 500 1553 que
529 1474 573 1531 si
587 1471 785 1552 seram
807 1470 1063 1542 bestiam,
1085 1482 1182 1531 aut
1200 1470 1503 1541 volucrem,
1527 1481 1623 1530 aut
1646 1474 1855 1553 piscem
1884 1474 2217 1552 ceperimus

374 1567 518 1647 jure
535 1567 790 1647 qentt'um
807 1564 874 1625 id
888 1564 1040 1646 quod
1055 1568 1140 1626 ita
1154 1574 1379 1643 captum
1387 1562 1605 1643 suerit,
1624 1567 1823 1624 statim
1842 1572 2105 1625 nostrum
2116 1566 2211 1643 fit

390 1666 446 1718 et
471 1677 711 1738 eousque
737 1668 990 1717 nostrum
1021 1678 1142 1717 esse
1170 1657 1519 1738 intelligitur,
1554 1657 1729 1717 donec
1754 1667 1945 1717 nostra
1970 1659 2216 1718 custodit

393 1764 737 1823 coerceatur-3
779 1772 907 1811 cum
955 1772 1084 1811 vero
1126 1752 1437 1812 custodiam
1486 1763 1739 1812 nostram
1784 1754 2017 1813 evaserit
2061 1762 2119 1811 et
2170 1756 2219 1812 ir

393 1844 706 1907 naturalem
748 1844 1064 1904 libertatem
1101 1864 1161 1905 se
1198 1847 1493 1925 receperit,
1524 1865 1719 1906 rursus
1760 1847 2081 1925 occupantis
2128 1846 2219 1917 tit,

394 1942 527 2019 quia
569 1948 824 1999 nostrum
870 1958 990 1997 esse
1039 1937 1257 1997 desinit.
1306 1938 1629 1997 Naturalem
1673 1948 1859 1998 autem
1906 1938 2219 1999 libertatem

395 2037 644 2115 recipere
672 2034 903 2103 videtur,
937 2054 1064 2093 cum
1095 2045 1190 2093 aut
1214 2033 1405 2093 oeulos
1434 2044 1655 2094 nostros
1684 2036 1935 2107 evaserit,
1964 2043 2056 2092 aut
2088 2034 2219 2094 licet

395 2131 454 2187 in
485 2137 786 2207 conspectu
814 2129 884 2185 sit
910 2135 1120 2195 nostro.
1154 2126 1395 2186 difficilis
1426 2137 1613 2186 tamen
1648 2128 1769 2205 ejus
1800 2129 1876 2185 rei
1912 2130 2218 2205 persecutio

299 2238 304 2245 ·
397 2223 484 2279 sit.
527 2230 646 2280 68.
688 2220 752 2277 ln
788 2221 857 2277 iis
891 2227 1076 2277 autem
1123 2218 1494 2291 animalibus,
1546 2240 1669 2299 quae
1712 2239 1779 2278 ex
1826 2220 2217 2279 consuetudine

398 2312 556 2372 abire
583 2322 638 2370 et
668 2312 848 2370 redire
875 2314 1071 2383 solent,
1103 2310 1273 2370 veluti
1300 2311 1578 2393 columbis
1606 2322 1658 2371 et
1686 2312 1906 2392 apibus,
1934 2314 2059 2370 item
2082 2333 2213 2373 cer-

402 2408 483 2463 vis
512 2406 608 2484 qui
637 2406 694 2461 in
726 2404 891 2463 silvas
922 2406 1004 2463 ire
1031 2411 1086 2463 et
1114 2403 1298 2463 redire
1326 2403 1523 2477 solent,
1550 2402 1719 2464 talem
1748 2403 2010 2463 habemus
2046 2424 2211 2485 regu-

398 2498 514 2557 lam
545 2497 829 2569 traditam,
867 2504 926 2555 ut
959 2498 1006 2555 si
1051 2496 1361 2557 revertendi
1400 2499 1656 2556 animum
1692 2494 1898 2555 habere
1929 2495 2205 2569 desierint,

400 2593 568 2651 etiam
606 2599 797 2649 nostra
825 2608 945 2649 esse
984 2588 1269 2662 desinant,
1303 2598 1357 2649 et
1392 2588 1531 2647 liant
1566 2590 1973 2668 occupantium.
2002 2589 2206 2649 Rever-

401 2684 552 2744 tendi
580 2692 767 2743 autem
795 2685 1049 2741 animum
1086 2682 1347 2743 videntur
1383 2682 1636 2741 desinere
1681 2680 1917 2753 hahere,
1957 2702 2071 2741 cum
2104 2704 2200 2743 re-

401 2776 652 2837 vertendi
687 2774 1147 2836 consuetudInem
1185 2775 1545 2834 deseruerint.
1578 2784 1697 2835 69.
1730 2776 1813 2833 Ea
1846 2796 2047 2855 quoque
2079 2798 2199 2857 quae

403 2893 470 2931 ex
501 2870 751 2931 hostibus
781 2872 1098 2951 capiuntur,
1127 2868 1371 2929 naturali
1401 2872 1617 2929 ratione
1644 2880 1836 2929 nostra
1864 2868 2007 2931 fiunt.

1972 2987 2069 2995 --—
2072 2988 2187 2999 --ι-μ-

469 3028 534 3091 (Ι)
568 3028 634 3073 Ad
675 3026 797 3073 hunc
824 3026 980 3073 locum
1014 3026 1144 3073 valde
1177 3026 1481 3090 probabiliter
1515 3026 1813 3073 retrahendos
1846 3044 1935 3074 esse
1958 3025 2007 3091 ἐξ
2036 3032 2188 3085 65-ῗ9,

404 3096 513 3155 qui,
553 3106 638 3153 pcr
677 3092 1078 3151 transpositionem
1119 3092 1255 3136 unius
1286 3089 1385 3136 folii
1419 3092 1465 3136 in
1502 3092 1659 3136 codice
1692 3090 1812 3137 unde
1840 3092 2084 3137 Veronensis
2108 3092 2188 3137 de·

406 3156 600 3215 scriptus
624 3165 706 3207 est,
737 3154 926 3199 inferius
943 3154 1144 3199 conoe-fi
1167 3164 1290 3207 sunt,
1314 3169 1405 3199 non
1426 3154 1541 3198 nulli
1558 3154 1762 3200 editores
1788 3166 2046 3216 putaverunt,
2073 3172 2187 3215 quo·

405 3232 512 3262 rum
552 3220 820 3261 sententiam
856 3226 1066 3271 secutus,
1101 3214 1219 3260 hanc
1264 3230 1347 3275 ego
1380 3216 1719 3262 restitutionem
1756 3218 1801 3261 iu
1846 3228 1995 3261 textum
2027 3219 2182 3278 rect-pi,

407 3278 465 3344 ἐξ
486 3282 632 3327 6ἳ·6ί
649 3280 766 3325 intra
793 3278 1074 3341 reponendo,
1102 3294 1194 3324 uon
1220 3280 1404 3325 mutatis
1432 3282 1651 3328 numeris.
1736 3289 1742 3295 '
