2292 3684
509 149 656 191 susr.
685 148 826 191 mer.
867 148 920 193 ι.
954 152 1034 209 ιν,
1068 152 1123 193 τ.
1158 154 1237 194 iv.
1278 154 1352 201 ns
1382 152 1644 195 munus.
1892 142 1997 195 545

164 262 258 313 aut
295 250 484 333 aliqua
515 253 768 332 corporis
806 260 968 335 parte
997 252 1160 314 laesus
1188 254 1388 327 suerit,
1421 253 1574 315 utilis
1602 256 1746 315 actio
1774 256 1832 315 in
1863 276 1997 317 eum
2072 242 2077 249 ⁹

102 353 109 363 '
161 344 346 405 datur.
367 342 474 404 Sed
502 346 548 404 si
576 344 701 423 quis
726 342 975 404 alienum
991 366 1217 407 servum
1238 357 1337 408 aut
1358 347 1427 409 de
1454 354 1627 430 ponte
1652 357 1749 408 aut
1770 347 1840 407 de
1868 350 1996 429 ripa

159 442 220 498 in
239 438 451 498 flumen
473 437 755 519 dejecerit,
777 446 831 497 et
850 440 897 498 is
920 439 1232 501 suffocatus
1256 440 1445 514 suerit,
1472 462 1538 502 eo
1565 440 1714 523 quod
1739 443 1993 523 projecit,

161 550 400 613 corpore
425 550 529 591 suo
555 530 827 591 damnum
854 530 1072 593 dedisse
1098 552 1216 594 non
1243 532 1547 595 difficulter
1571 531 1809 617 intelligi
1836 545 1994 615 pote·

161 626 260 698 rit,
291 624 532 706 ideoque
558 625 682 705 ipsa
707 623 830 707 lege
857 624 1083 705 Aquilia
1111 634 1357 689 tenetur.

238 717 349 777 Sed
375 719 423 777 si
451 736 566 777 uon
594 736 834 797 corpore
866 716 1141 779 damnum
1174 720 1395 794 datum,
1438 740 1621 801 neque
1656 740 1865 803 corpus
1892 720 1994 803 lee-

161 828 289 869 sum
329 809 524 883 fuerit,
557 808 653 869 sed
685 808 794 869 alio
825 807 993 869 modo
1018 809 1293 895 damnum
1322 810 1491 872 alicui
1519 813 1831 895 contigerit,
1863 833 1993 874 cum

159 921 274 961 uon
322 900 528 961 sufficit
573 920 754 983 neque
800 902 1010 964 directa
1057 922 1243 983 neque
1283 902 1435 963 utilis
1475 903 1731 985 Aquilia,
1760 905 1991 991 ⁸placuit

157 1015 286 1055 eum
319 997 416 1076 qui
443 994 722 1056 obnoxius
753 995 948 1069 fuerit,
988 998 1048 1057 in
1079 996 1292 1057 factum
1321 1000 1541 1059 actione
1568 1001 1748 1058 teneri
1778 1022 1793 1059 :
1825 998 1994 1060 veluti

155 1090 202 1146 si
231 1088 387 1169 quis,
419 1087 804 1149 misericordia
832 1088 1059 1163 ductus,
1091 1089 1343 1151 alienum
1362 1108 1588 1152 servum
1610 1092 1989 1171 compeditum

159 1181 420 1257 solverit,
453 1192 514 1243 ut
543 1183 776 1265 fugeret.

763 1334 874 1395 Trr.
909 1335 998 1395 lv.
1031 1336 1113 1395 De
1141 1354 1375 1399 manans.

229 1466 582 1531 Generaliter
623 1467 835 1548 injuria
880 1467 1105 1541 dicitur,
1159 1488 1327 1530 omne
1365 1470 1515 1552 quod
1566 1489 1681 1532 non
1725 1471 1856 1549 jure
1906 1471 1983 1534 fit.

149 1558 502 1643 specialiter,
544 1560 686 1621 alias
731 1560 1100 1635 contumelia,
1151 1583 1274 1645 quae
1315 1584 1351 1623 a
1390 1562 1801 1625 contemnendo
1842 1563 1989 1624 dicta

152 1662 257 1726 est,
324 1673 502 1735 quam
557 1652 737 1714 Graeci
789 1650 952 1738 5692*
996 1653 1312 1737 appellum
1347 1655 1505 1741 ‚alias
1557 1654 1760 1737 culpa,
1815 1676 1989 1738 quam

148 1746 326 1806 Greci
370 1744 609 1825 ἀδίκημα
636 1745 856 1817 dicunt,
901 1748 1044 1807 sicut
1084 1748 1146 1806 in
1184 1746 1307 1828 lege
1342 1746 1570 1829 Aquilia
1596 1747 1871 1808 damnum
1898 1749 1988 1807 in-

144 1841 308 1919 juria
349 1838 657 1919 accipitur3
691 1838 832 1899 alias
867 1840 1137 1921 iniquitas
1176 1848 1229 1900 et
1263 1840 1568 1920 injustitia,
1608 1860 1780 1922 quam
1813 1839 1989 1901 Groeci

149 1930 362 1992 ἀδικίαν
387 1940 591 1992 vocant:
617 1954 630 1991 :
665 1952 797 1993 cum
824 1935 977 1992 euim
1007 1940 1213 2012 praetor
1242 1933 1327 1992 vel
1349 1932 1525 2014 judex
1553 1953 1668 1994 non
1689 1935 1821 2013 jure
1852 1954 1989 1995 cou-

149 2034 238 2084 tra
266 2045 442 2107 quem
473 2028 833 2106 pronuntiat,
863 2028 1138 2107 injuriam
1167 2030 1449 2109 accepisse
1478 2028 1700 2089 dicitur.

227 2126 292 2178 1.
345 2116 566 2197 lnjuria
618 2124 807 2179 autem
853 2120 1241 2193 committitur,
1292 2141 1409 2180 non
1453 2118 1637 2181 solum
1686 2142 1817 2181 cum
1862 2126 1989 2204 quis

145 2230 374 2295 pugno,
418 2219 583 2292 puta,
626 2222 722 2274 aut
769 2212 1013 2274 fustibus
1054 2234 1265 2283 coesus,
1314 2213 1401 2274 vel
1450 2217 1618 2275 etiam
1662 2214 1990 2283 verberatus

142 2307 282 2377 erit,
335 2306 437 2366 sed
477 2314 532 2366 et
574 2308 624 2366 si
667 2309 757 2367 cui
802 2310 1120 2368 convicium
1173 2308 1385 2368 factum
1430 2307 1627 2381 suerit,
1677 2312 1792 2370 sive
1828 2313 1988 2391 cujus

142 2395 332 2471 bona,
370 2400 532 2479 quasi
560 2396 855 2475 debitoris,
888 2402 985 2482 qui
1014 2400 1161 2463 nihil
1186 2401 1449 2474 deberet,
1481 2422 1742 2483 possessa
1776 2404 1988 2465 suerint

141 2488 217 2550 ab
246 2508 317 2551 eo
347 2492 447 2572 qui
468 2489 820 2573 intelligebat
848 2492 992 2553 nihil
1014 2514 1144 2553 eum
1172 2494 1281 2553 sibi
1305 2492 1540 2567 deber03
1568 2494 1656 2556 vel
1684 2498 1731 2555 si
1761 2499 1889 2578 quis
1916 2498 1989 2559 ad

143 2580 446 2647 infamiam
477 2581 718 2664 alicujus
741 2583 997 2645 libellum
1021 2594 1120 2647 aut
1147 2606 1377 2648 carmen
1408 2588 1727 2669 scripserit,
1760 2609 1989 2670 compo-

139 2678 358 2751 suerit,
409 2675 670 2751 ediderit,
733 2678 930 2741 dolove
983 2682 1136 2742 malo
1192 2681 1385 2743 fecerit
1438 2702 1553 2764 quo
1599 2682 1735 2766 quid
1790 2705 1989 2745 eorum

143 2768 342 2843 fieren
392 2773 507 2831 sive
543 2772 671 2853 quis
715 2772 1229 2848 matremfamilias,
1277 2784 1373 2834 aut
1414 2783 1803 2857 praetextatum
1844 2799 1988 2859 prte-

52 2912 54 2923 .
141 2873 488 2927 textatamve
514 2866 827 2929 adsectatus
859 2868 1049 2942 fuerit,
1074 2870 1191 2929 sive
1220 2870 1379 2950 cujus
1420 2869 1691 2950 pudicitia
1718 2880 1987 2935 attentata

141 2976 262 3019 esse
289 2956 542 3031 dicetur3
575 2968 630 3021 ct
657 2958 900 3041 denique
926 2959 1050 3021 aliis
1079 2958 1343 3041 pluribus
1369 2962 1554 3023 modis
1583 2963 1805 3025 admitti
1831 2966 1989 3047 inju-

143 3053 290 3112 riam
318 3050 693 3113 mauifestum
723 3061 821 3114 est.

218 3152 287 3203 9.
345 3142 565 3205 Patitur
613 3153 804 3206 autem
851 3147 1297 3227 quisiujuriam
1344 3166 1462 3208 non
1513 3146 1699 3210 solum
1747 3168 1847 3231 per
1896 3169 1989 3209 se-

141 3237 481 3318 metipsum,
517 3236 614 3297 sed
654 3240 824 3298 etiam
869 3258 974 3319 per
1008 3237 1223 3299 liberos
1266 3250 1399 3300 suos
1436 3259 1579 3323 quos
1621 3242 1680 3299 iu
1718 3248 1988 3321 potestate
2008 3265 2021 3281 ⁰

141 3325 337 3400 habet3
375 3329 506 3388 item
547 3350 650 3411 per
694 3350 925 3391 uxorem
963 3351 1155 3405 suam,
1198 3331 1253 3390 id
1284 3334 1435 3391 enim
1466 3333 1649 3413 magis
1676 3332 1981 3413 praevaluit.
