2292 3684
209 102 374 145 m.
395 100 624 143 nura..
645 98 732 155 in,
753 98 913 143 mm
945 100 1018 142 nu
1039 98 1302 155 nonest*
1334 97 1803 141 rossasswmws.
1844 85 1949 141 tus

187 217 258 268 1.
295 205 414 264 Nec
449 210 670 263 tantum
708 201 1002 277 libertum,
1045 202 1142 263 sed
1190 206 1363 263 etiam
1404 201 1693 276 libertam,
1734 210 1789 261 et
1828 222 1947 262 non

89 307 336 358 tantum
375 296 494 356 filio
535 296 822 377 nepotive‚
861 294 960 356 sed
999 297 1171 355 etiam
1211 294 1339 355 filiae
1386 296 1607 375 neptive
1653 294 1949 375 adsignare

95 392 484 472 permittitur.

181 495 254 545 β.
291 483 474 543 Datur
513 488 703 542 autem
745 479 864 541 hoec
909 480 1244 563 adsignaudi
1289 478 1525 541 facultas
1572 481 1625 539 ei
1662 481 1761 561 qui
1806 481 1948 541 duos

96 575 377 656 pluresve
417 574 628 634 liberos
655 575 714 633 iu
743 582 1014 655 potestate
1052 571 1314 644 habebit,
1346 580 1409 632 ut
1441 574 1524 632 eis
1560 591 1702 653 quos
1738 575 1799 631 in
1836 593 1945 653 po-

95 674 310 728 testate
361 666 535 726 habet
555 712 570 735 ‚
623 666 920 747 adsignare
965 667 1016 725 ei
1063 665 1332 725 libertum
1385 664 1711 724 libet-tamve
1766 664 1941 725 liceat.

97 762 264 823 Unde
292 759 678 843 quoerebatur,
717 762 765 819 si
793 779 924 819 eum
951 760 1042 818 cni
1070 758 1447 840 adsignaverit
1474 766 1668 838 postea
1694 760 1947 819 emanci-
2024 760 2030 783 '

104 856 354 937 paverit,
382 874 522 915 num
545 862 837 914 evanescat
860 851 1214 934 adsignatio?
1232 852 1339 913 Sed
1364 850 1575 933 placuit
1599 870 1947 924 evanescere,

105 948 268 1029 qnod
299 958 356 1007 et
378 946 607 1007 Juliano
633 952 690 1007 et
715 944 840 1005 aliis
867 945 1155 1027 plerisque
1179 949 1365 1006 visum
1391 953 1491 1005 est.

187 1053 254 1105 8.
290 1042 407 1102 Nec
433 1043 665 1101 interest
688 1046 1022 1099 testamento
1050 1041 1176 1118 quis
1204 1039 1485 1119 adsignet,
1527 1058 1600 1098 au
1633 1040 1753 1097 sine
1778 1045 1947 1098 testa·

107 1143 337 1207 mento,
375 1133 472 1195 sed
501 1135 669 1195 etiam
697 1131 1151 1213 quibuscumque
1186 1132 1374 1191 verbis
1400 1132 1655 1212 patronis
1681 1129 1789 1190 hoe
1815 1149 1948 1210 per-

113 1214 362 1288 mittitur
395 1226 583 1286 fecere
619 1244 686 1286 ex
720 1226 846 1306 ipso
883 1221 1397 1296 senatusconsulto,
1430 1220 1582 1305 quod
1624 1221 1948 1282 Claudianis
2010 1294 2023 1300 -

105 1318 467 1399 temporibus
507 1317 720 1378 factum
760 1326 842 1379 est
863 1362 880 1389 ‚
923 1314 1101 1376 Suillo
1153 1316 1305 1376 Rufo
1342 1326 1399 1377 et
1436 1315 1657 1376 Osterio
1706 1314 1948 1395 Scapula

104 1409 471 1472 consulibus.

489 1607 599 1667 Trr.
635 1608 722 1667 lx.
753 1607 836 1665 Dr
872 1623 1117 1667 sonoauu
1158 1624 1576 1668 rossrssiomsus

189 1774 298 1833 Jus
337 1774 622 1834 bonorum
665 1774 1034 1854 possessionis
1070 1771 1456 1834 introductum
1492 1782 1574 1834 est
1609 1796 1643 1834 a
1674 1784 1942 1857 praetore,

109 1865 457 1927 emendandi
490 1867 690 1927 veteris
710 1867 858 1945 juris
887 1868 1083 1947 gratia.
1117 1868 1232 1928 Nec
1260 1866 1444 1927 solum
1468 1870 1531 1928 in
1556 1869 1948 1929 intestatorum

109 1956 524 2021 hereditatibus
558 1968 715 2019 vetus
744 1960 841 2039 jus
875 1979 940 2020 eo
975 1958 1144 2021 modo
1183 1968 1390 2041 proetor
1428 1957 1771 2035 emendavit,
1803 1964 1945 2022 sicut

113 2072 296 2133 supra
331 2052 542 2113 dictum
583 2061 696 2126 est,
732 2052 830 2114 sed
871 2055 932 2112 in
973 2073 1172 2113 eorum
1212 2074 1437 2135 quoque
1474 2055 1573 2135 qui
1613 2060 1944 2115 testamento

117 2145 272 2205 facto
315 2145 686 2217 decesserint3
720 2163 855 2205 nam
893 2146 939 2205 si
986 2144 1206 2205 alienus
1252 2156 1545 2227 postumus
1573 2146 1735 2206 heres
1778 2146 1946 2205 fuerit

109 2240 438 2313 institutus,
465 2238 722 2318 quamvis
748 2237 1115 2299 hereditatem
1143 2240 1275 2317 jure
1313 2239 1463 2300 civili
1500 2239 1655 2299 adire
1690 2258 1805 2299 non
1836 2259 1945 2320 po-

112 2344 290 2405 terat,
323 2354 455 2394 eum
487 2334 762 2392 institutio
803 2353 920 2393 non
960 2331 1210 2406 valebat,
1255 2333 1557 2395 honorario
1594 2343 1783 2394 tamen
1814 2335 1945 2413 jure
2076 2356 2083 2363 ·

111 2428 401 2488 bonorum
439 2446 724 2507 possessor
764 2425 1114 2488 efficiebatur
1133 2472 1151 2499 ‚
1182 2426 1438 2489 videlicet
1472 2448 1601 2489 eum
1638 2449 1671 2488 a
1708 2439 1945 2510 proetore

119 2518 518 2602 adjuvabatur.

202 2614 308 2675 Sed
339 2623 395 2675 et
425 2616 476 2674 is
501 2635 537 2673 a
565 2623 758 2675 nostra
790 2615 1185 2675 constitutione
1220 2613 1389 2676 hodie
1416 2623 1561 2676 reete
1587 2615 1750 2677 heres
1781 2618 1942 2678 insti-

115 2708 298 2767 tuitur
315 2750 329 2779 ,
361 2708 524 2785 quasi
554 2712 609 2765 et
627 2706 758 2785 jure
785 2704 934 2766 civili
961 2726 1076 2766 nou
1105 2708 1437 2786 incognitus.

215 2810 276 2861 1.
297 2798 618 2881 Aliquando
655 2808 846 2863 tamen
885 2818 1071 2881 neque
1111 2800 1473 2875 emendandi,
1508 2820 1691 2883 neque
1713 2804 1945 2883 impug-

123 2892 300 2954 nandi
334 2895 536 2954 veteris
563 2894 735 2973 juris,
765 2893 864 2953 sed
890 2896 1072 2975 magis
1099 2894 1471 2956 confirmandi
1497 2899 1679 2979 gratia
1704 2895 1943 2978 pollice-

125 2998 220 3049 tur
257 2987 538 3049 bonorum
573 2989 1006 3069 possessiouem.
1049 2984 1193 3049 Nam
1236 2987 1349 3049 illis
1388 3010 1613 3071 quoqne
1658 2992 1759 3073 qui
1796 2999 1945 3052 reete

124 3083 271 3143 facto
295 3090 628 3144 testamento
664 3082 898 3143 heredes
937 3084 1177 3142 instituti
1212 3093 1368 3156 sunt,
1398 3084 1493 3143 dat
1518 3083 1827 3144 seeundum
1855 3092 1943 3143 ta-

129 3174 288 3235 bulas
312 3174 598 3237 bonorum
627 3175 1058 3255 possessionem.
1098 3175 1239 3234 Item
1276 3173 1349 3235 ab
1384 3178 1645 3237 intestato
1678 3195 1809 3236 suos
1842 3175 1944 3235 he·

132 3258 281 3329 redes
306 3276 360 3327 et
387 3267 660 3347 adgnatos
687 3266 761 3326 ab
790 3268 1074 3329 bonorum
1103 3270 1515 3349 possessionem
1540 3278 1730 3337 νοσεῖς
1758 3267 1852 3327 sed
1872 3276 1943 3339 et,
