2292 3684
349 145 356 150 ,
401 109 606 184 rumsc.
641 109 852 154 rnen.
889 111 968 153 nx
1002 109 1365 154 coi-urion.
1404 109 1630 154 numu.
1832 101 1937 156 849

80 215 266 276 etiam
306 212 432 294 lege
465 207 732 274 Cornelia
765 213 1065 274 tenebitur.
1152 223 1223 274 4.
1258 213 1535 292 injuriam
1564 219 1754 273 autem
1780 215 1937 274 acci-

77 327 228 389 pere
252 306 346 366 hic
375 325 480 366 nos
507 311 728 386 oportet
753 325 872 366 nou
901 303 1385 387 quemadmodum
1416 311 1471 364 et
1492 293 1657 364 'circa
1688 306 1935 385 injuria-

77 421 221 461 rum
246 401 552 474 actionem,
573 397 977 460 contumeliam
1000 396 1337 479 quamdam,
1360 395 1458 456 sed
1484 396 1635 477 quod
1662 416 1780 458 non
1802 399 1935 478 jure

75 493 307 554 factum
333 499 451 566 est,
479 491 590 552 hoc
615 500 730 566 est,
761 499 959 552 contra
988 491 1112 570 jus,
1143 489 1203 549 id
1234 498 1343 566 est,
1380 491 1429 550 si
1462 489 1633 572 culpa
1670 491 1797 571 quis
1833 511 1935 554 oc-

75 587 312 648 ciderit.
1694 595 1699 602 ·

535 743 631 816 (rx
660 758 867 799 contar.
901 759 1001 798 ¹rrr.
1032 757 1070 810 1,
1102 757 1149 796 c.
1180 757 1257 809 m,
1286 757 1357 810 vt,
1388 741 1487 814 11.)
1555 729 1569 742 ’

221 871 543 930 ULPIANUS
577 872 774 929 LIBRO
809 871 903 928 Vll
939 871 1026 929 DE
1062 870 1335 928 OFFICIO
1371 868 1812 928 PROCONSULIS

339 965 456 1022 SUB
489 964 722 1023 TITULO
759 967 847 1022 DE
882 965 1163 1022 slcaluls
1198 965 1281 1020 ΕΤ
1315 962 1683 1020 VENEFICIS.

169 1107 208 1158 1
226 1143 240 1160 .
275 1097 471 1178 Capite
497 1099 686 1179 primo
713 1097 852 1180 legis
875 1097 1151 1159 Cornelioe
1171 1096 1243 1156 de
1269 1097 1487 1157 sicariis
1512 1103 1765 1170 cavetur,
1798 1105 1858 1156 ut
1884 1098 1935 1157 is

77 1198 324 1272 praetor,
341 1190 584 1270 judexve
611 1193 934 1273 quaestionis
949 1237 964 1264 ,
988 1193 1081 1251 cui
1105 1199 1256 1269 sorte
1281 1189 1576 1251 obvenerit
1603 1189 1835 1270 quoestio
1861 1188 1933 1249 de

77 1289 344 1359 sicariis,
383 1289 507 1366 ejus
551 1287 704 1368 quod
742 1289 804 1345 iu
838 1285 983 1347 urbe
1018 1287 1201 1347 Roma
1242 1287 1481 1367 propius
1528 1283 1686 1344 mille
1733 1303 1935 1366 passus

75 1379 304 1440 factum
332 1381 431 1450 sit,
462 1381 546 1438 uti
573 1387 787 1460 quoerat
821 1399 950 1440 cum
981 1376 1299 1459 judicibus,
1332 1379 1429 1459 qui
1456 1378 1507 1438 ei
1536 1397 1605 1437 ex
1633 1377 1759 1458 lege
1784 1385 1935 1437 sorte

77 1471 454 1545 obvenerint,
483 1470 554 1531 de
582 1473 767 1552 capite
793 1474 946 1552 ejus,
971 1473 1068 1552 qui
1092 1491 1223 1533 cnm
1254 1469 1368 1530 telo
1396 1469 1796 1541 ambulaverit,
1827 1468 1935 1530 ho-

77 1565 262 1624 minis
305 1563 574 1636 necandi,
613 1563 821 1624 furtive
861 1561 1106 1623 faciendi
1152 1581 1325 1622 causa
1347 1607 1364 1637 ,
1386 1561 1745 1624 bominemve
1781 1563 1934 1622 occi·-

77 1655 259 1729 derit,
302 1656 530 1735 cujusve
577 1654 636 1714 id
680 1653 810 1716 dolo
860 1653 1014 1715 malo
1063 1653 1281 1715 factum
1324 1653 1514 1715 fuerit.
1560 1654 1637 1713 Er
1687 1671 1927 1724 anninus.

77 1761 144 1811 π.
187 1749 420 1810 limus
449 1767 632 1810 vnum
657 1766 806 1810 ustus
831 1765 982 1809 nono
1015 1766 1129 1809 nst.
1168 1765 1424 1817 Loounuu
1458 1747 1725 1808 Unrmuus
1755 1768 1770 1807 ε
1805 1747 1937 1809 Haec

77 1843 171 1904 lex
213 1863 334 1903 non
381 1861 640 1918 omnem,
683 1843 782 1923 qui
824 1861 956 1902 cum
1005 1840 1118 1902 telo
1162 1839 1563 1914 ambulaverit,
1605 1842 1803 1922 punit,
1835 1840 1934 1902 sed

78 1957 217 1998 eum
255 1945 510 2012 tantum,
542 1937 640 2017 qui
676 1935 928 1996 hominis
961 1935 1207 1996 necandi
1242 1934 1447 1995 furtive
1481 1932 1729 1994 faciendi
1762 1953 1937 1996 causa

76 2030 260 2092 telum
289 2031 460 2112 gerit,
492 2030 820 2111 compescit.
855 2030 1006 2092 Item
1033 2048 1199 2102 eum,
1231 2029 1331 2110 qui
1370 2027 1663 2088 bominem
1698 2027 1931 2102 occidit,

76 2130 342 2186 coercet:
373 2142 482 2183 nec
519 2122 724 2202 adjecit
755 2123 920 2202 cujus
955 2121 1295 2184 conditionis
1329 2121 1653 2196 hominem,
1682 2129 1748 2183 ut
1779 2130 1835 2182 et
1860 2121 1935 2182 ad
1996 2180 2005 2190 ,

76 2237 310 2280 servum
335 2225 392 2279 et
418 2218 789 2299 peregrinum
817 2219 1104 2298 pertinere
1127 2216 1250 2277 hoec
1277 2214 1373 2276 lex
1397 2214 1670 2276 videatur.

185 2389 509 2450 ULPIANUS
546 2389 743 2446 Lumo
779 2391 862 2446 m·
895 2389 1133 2448 TITULO
1170 2389 1281 2460 Qm
1316 2390 1527 2448 stJPRA
1562 2389 1823 2449 RELATI.

163 2522 675 2585 1.Distiuctionem
698 2541 862 2584 casus
885 2530 939 2582 et
961 2521 1268 2582 voluntatis
1294 2523 1355 2581 in
1383 2520 1691 2583 homicidio
1718 2525 1933 2584 servari

81 2617 364 2699 rescripto
406 2616 681 2677 Hadriani
713 2615 1107 2678 confirmatur.
1144 2613 1333 2678 Verba
1370 2617 1664 2698 rescripti:
1720 2628 1787 2677 π.
1816 2641 1840 2674 α
1864 2619 1934 2679 Et

77 2738 102 2767 n
137 2711 244 2792 qui
273 2709 564 2770 bominem
593 2710 822 2782 occidit,
851 2709 1071 2771 absolvi
1098 2707 1267 2784 solet,
1297 2707 1535 2781 scilicet,
1559 2711 1607 2769 si
1634 2729 1750 2770 non
1778 2713 1931 2772 occi-

78 2829 104 2860 »
132 2801 314 2864 dendi
351 2805 545 2864 animo
585 2803 644 2863 id
681 2803 932 2877 admisit;
965 2811 1020 2862 et
1060 2803 1161 2883 qui
1198 2821 1317 2862 non
1353 2801 1582 2877 occidit,
1613 2803 1713 2863 sed
1754 2803 1931 2866 voluit

83 2923 110 2954 n
138 2897 398 2958 occidere
416 2940 433 2971 ,
455 2916 564 2977 pro
590 2895 876 2958 homicida
906 2895 1227 2957 damnatur.
1313 2904 1383 2957 8.
1408 2897 1453 2954 E
1482 2915 1546 2956 re
1570 2897 1763 2977 itaque
1787 2918 1931 2958 con-

79 3015 103 3043 »
137 2989 492 3050 stituendum
532 2994 614 3049 est
651 2997 706 3049 et
743 3009 858 3070 quo
885 2989 1039 3050 ferro
1067 2989 1345 3069 percussit
1369 2985 1753 3069 Epafroditus.
1785 2989 1931 3050 Nam

89 3108 112 3139 ο
141 3085 192 3142 si
227 3082 482 3166 gladium
519 3083 836 3156 instrinxit,
871 3090 971 3144 aut
1015 3081 1128 3143 telo
1172 3081 1477 3163 percussit,
1512 3081 1650 3161 quid
1690 3081 1929 3145 dubium

81 3203 106 3233 s
139 3183 226 3238 est
253 3178 394 3259 quin
422 3175 714 3237 occidendi
746 3177 938 3237 animo
966 3173 1352 3258 percusserit?
1378 3174 1437 3235 Si
1464 3172 1619 3235 clave
1652 3181 1931 3258 percussit

81 3296 104 3326 n
135 3277 237 3332 aut
280 3287 552 3344 cucuma,
581 3287 713 3331 cum
751 3267 899 3329 forte
937 3271 1248 3344 rixaretur,
1284 3267 1437 3329 ferro
1480 3271 1787 3349 percussit,
1830 3269 1927 3331 sed
