<?xml version="1.0" encoding="UTF-8"?>
<!DOCTYPE html PUBLIC "-//W3C//DTD XHTML 1.0 Transitional//EN"
    "http://www.w3.org/TR/xhtml1/DTD/xhtml1-transitional.dtd">
<html xmlns="http://www.w3.org/1999/xhtml" xml:lang="en" lang="en">
 <head>
  <title>
</title>
<meta http-equiv="Content-Type" content="text/html;charset=utf-8" />
  <meta name='ocr-system' content='tesseract 3.04.00' />
  <meta name='ocr-capabilities' content='ocr_page ocr_carea ocr_par ocr_line ocrx_word'/>
</head>
<body>
  <div class='ocr_page' id='page_1' title='image "./manualejurissyn00paulgoog_0209.png"; bbox 0 0 2292 3684; ppageno 0'>
   <div class='ocr_carea' id='block_1_1' title="bbox 349 104 1885 170">
    <p class='ocr_par' dir='ltr' id='par_1_1' title="bbox 349 104 1885 170">
     <span class='ocr_line' id='line_1_1' title="bbox 349 104 1885 170; baseline 0.005 -16"><span class='ocrx_word' id='word_1_1' title='bbox 349 112 672 157; x_wconf 57' lang='lat' dir='ltr'><strong>sustam.</strong></span> <span class='ocrx_word' id='word_1_2' title='bbox 711 116 764 159; x_wconf 85' lang='grc' dir='ltr'><strong>ι..</strong></span> <span class='ocrx_word' id='word_1_3' title='bbox 800 115 864 170; x_wconf 87' lang='lat'><strong>11,</strong></span> <span class='ocrx_word' id='word_1_4' title='bbox 901 115 960 155; x_wconf 80' lang='grc' dir='ltr'><strong>τ.</strong></span> <span class='ocrx_word' id='word_1_5' title='bbox 983 113 1046 157; x_wconf 84' lang='lat' dir='ltr'><strong>x.</strong></span> <span class='ocrx_word' id='word_1_6' title='bbox 1085 112 1161 155; x_wconf 75' lang='lat' dir='ltr'><strong>ns</strong></span> <span class='ocrx_word' id='word_1_7' title='bbox 1186 113 1580 157; x_wconf 66' lang='lat' dir='ltr'><strong>usuum-ts.</strong></span> <span class='ocrx_word' id='word_1_8' title='bbox 1782 104 1885 161; x_wconf 70' lang='lat'><strong>2⁴7</strong></span> 
     </span>
    </p>
   </div>
   <div class='ocr_carea' id='block_1_2' title="bbox 66 214 1890 3107">
    <p class='ocr_par' dir='ltr' id='par_1_2' title="bbox 66 214 1890 1888">
     <span class='ocr_line' id='line_1_2' title="bbox 85 214 1885 297; baseline 0.004 -28"><span class='ocrx_word' id='word_1_9' title='bbox 85 215 178 291; x_wconf 73' lang='lat' dir='ltr'><strong>ejus</strong></span> <span class='ocrx_word' id='word_1_10' title='bbox 209 224 310 287; x_wconf 82' lang='lat' dir='ltr'><strong>est,</strong></span> <span class='ocrx_word' id='word_1_11' title='bbox 355 236 552 297; x_wconf 83' lang='lat' dir='ltr'><strong>noque</strong></span> <span class='ocrx_word' id='word_1_12' title='bbox 594 228 755 297; x_wconf 83' lang='lat' dir='ltr'><strong>pater</strong></span> <span class='ocrx_word' id='word_1_13' title='bbox 797 218 925 297; x_wconf 87' lang='lat' dir='ltr'><strong>ejus</strong></span> <span class='ocrx_word' id='word_1_14' title='bbox 957 218 1056 297; x_wconf 85' lang='lat' dir='ltr'><strong>qui</strong></span> <span class='ocrx_word' id='word_1_15' title='bbox 1092 236 1227 276; x_wconf 87' lang='lat' dir='ltr'><strong>eum</strong></span> <span class='ocrx_word' id='word_1_16' title='bbox 1266 214 1438 275; x_wconf 85' lang='lat' dir='ltr'><strong>babet</strong></span> <span class='ocrx_word' id='word_1_17' title='bbox 1480 217 1539 276; x_wconf 86' lang='lat' dir='ltr'><strong>iu</strong></span> <span class='ocrx_word' id='word_1_18' title='bbox 1581 224 1885 297; x_wconf 70' lang='lat' dir='ltr'><strong>potestate,</strong></span> 
     </span>
     <span class='ocr_line' id='line_1_3' title="bbox 83 306 1890 390; baseline 0.003 -25"><span class='ocrx_word' id='word_1_19' title='bbox 83 327 228 385; x_wconf 72' lang='lat' dir='ltr'><strong>aeque</strong></span> <span class='ocrx_word' id='word_1_20' title='bbox 251 306 464 369; x_wconf 75' lang='lat' dir='ltr'><strong>fratres</strong></span> <span class='ocrx_word' id='word_1_21' title='bbox 494 313 598 390; x_wconf 87' lang='lat' dir='ltr'><strong>qui</strong></span> <span class='ocrx_word' id='word_1_22' title='bbox 625 313 686 370; x_wconf 88' lang='lat' dir='ltr'><strong>in</strong></span> <span class='ocrx_word' id='word_1_23' title='bbox 715 309 964 390; x_wconf 85' lang='lat' dir='ltr'><strong>ejusdem</strong></span> <span class='ocrx_word' id='word_1_24' title='bbox 993 310 1174 389; x_wconf 88' lang='lat' dir='ltr'><strong>patris</strong></span> <span class='ocrx_word' id='word_1_25' title='bbox 1213 318 1485 389; x_wconf 73' lang='lat' dir='ltr'><strong>potestate</strong></span> <span class='ocrx_word' id='word_1_26' title='bbox 1522 318 1684 383; x_wconf 85' lang='lat' dir='ltr'><strong>sunt,</strong></span> <span class='ocrx_word' id='word_1_27' title='bbox 1724 318 1890 371; x_wconf 80' lang='lat' dir='ltr'><strong>testes</strong></span> 
     </span>
     <span class='ocr_line' id='line_1_4' title="bbox 79 400 1890 487; baseline 0.004 -30"><span class='ocrx_word' id='word_1_28' title='bbox 79 400 292 459; x_wconf 78' lang='lat' dir='ltr'><strong>adhiberi</strong></span> <span class='ocrx_word' id='word_1_29' title='bbox 327 411 608 481; x_wconf 83' lang='lat' dir='ltr'><strong>possunt,</strong></span> <span class='ocrx_word' id='word_1_30' title='bbox 647 405 784 484; x_wconf 83' lang='lat' dir='ltr'><strong>quia</strong></span> <span class='ocrx_word' id='word_1_31' title='bbox 822 412 1002 463; x_wconf 88' lang='lat' dir='ltr'><strong>totum</strong></span> <span class='ocrx_word' id='word_1_32' title='bbox 1032 402 1143 463; x_wconf 89' lang='lat' dir='ltr'><strong>hoc</strong></span> <span class='ocrx_word' id='word_1_33' title='bbox 1183 405 1473 484; x_wconf 77' lang='lat' dir='ltr'><strong>negotium</strong></span> <span class='ocrx_word' id='word_1_34' title='bbox 1509 405 1660 485; x_wconf 86' lang='lat' dir='ltr'><strong>quod</strong></span> <span class='ocrx_word' id='word_1_35' title='bbox 1702 406 1890 487; x_wconf 77' lang='lat' dir='ltr'><strong>agitur</strong></span> 
     </span>
     <span class='ocr_line' id='line_1_5' title="bbox 77 494 1889 577; baseline 0.003 -26"><span class='ocrx_word' id='word_1_36' title='bbox 77 497 348 553; x_wconf 73' lang='lat' dir='ltr'><strong>testamenti</strong></span> <span class='ocrx_word' id='word_1_37' title='bbox 375 494 691 555; x_wconf 80' lang='lat' dir='ltr'><strong>ordinandi</strong></span> <span class='ocrx_word' id='word_1_38' title='bbox 713 497 898 577; x_wconf 74' lang='lat' dir='ltr'><strong>gratia</strong></span> <span class='ocrx_word' id='word_1_39' title='bbox 911 542 928 568; x_wconf 92' lang='lat'><strong>,</strong></span> <span class='ocrx_word' id='word_1_40' title='bbox 951 494 1198 554; x_wconf 88' lang='lat' dir='ltr'><strong>creditur</strong></span> <span class='ocrx_word' id='word_1_41' title='bbox 1216 494 1383 556; x_wconf 87' lang='lat' dir='ltr'><strong>bodie</strong></span> <span class='ocrx_word' id='word_1_42' title='bbox 1404 497 1548 555; x_wconf 87' lang='lat' dir='ltr'><strong>inter</strong></span> <span class='ocrx_word' id='word_1_43' title='bbox 1568 505 1889 557; x_wconf 85' lang='lat' dir='ltr'><strong>testatorem</strong></span> 
     </span>
     <span class='ocr_line' id='line_1_6' title="bbox 73 586 1889 670; baseline 0.004 -27"><span class='ocrx_word' id='word_1_44' title='bbox 73 598 112 643; x_wconf 73' lang='lat' dir='ltr'><strong>et</strong></span> <span class='ocrx_word' id='word_1_45' title='bbox 143 586 400 647; x_wconf 79' lang='lat' dir='ltr'><strong>heredem</strong></span> <span class='ocrx_word' id='word_1_46' title='bbox 441 592 538 670; x_wconf 75' lang='lat' dir='ltr'><strong>agi</strong></span> <span class='ocrx_word' id='word_1_47' title='bbox 583 610 598 647; x_wconf 75' lang='grc' dir='ltr'><strong>ι</strong></span> <span class='ocrx_word' id='word_1_48' title='bbox 641 588 771 649; x_wconf 85' lang='lat' dir='ltr'><strong>licet</strong></span> <span class='ocrx_word' id='word_1_49' title='bbox 815 590 968 649; x_wconf 89' lang='lat' dir='ltr'><strong>enim</strong></span> <span class='ocrx_word' id='word_1_50' title='bbox 1001 598 1183 649; x_wconf 91' lang='lat' dir='ltr'><strong>totum</strong></span> <span class='ocrx_word' id='word_1_51' title='bbox 1210 589 1307 668; x_wconf 85' lang='lat' dir='ltr'><strong>jus</strong></span> <span class='ocrx_word' id='word_1_52' title='bbox 1339 588 1453 649; x_wconf 85' lang='lat' dir='ltr'><strong>tale</strong></span> <span class='ocrx_word' id='word_1_53' title='bbox 1490 591 1889 651; x_wconf 80' lang='lat' dir='ltr'><strong>conturbatum</strong></span> 
     </span>
     <span class='ocr_line' id='line_1_7' title="bbox 71 676 1889 766; baseline 0.003 -27"><span class='ocrx_word' id='word_1_54' title='bbox 71 676 246 754; x_wconf 74' lang='lat' dir='ltr'><strong>fuerat,</strong></span> <span class='ocrx_word' id='word_1_55' title='bbox 288 692 348 741; x_wconf 83' lang='lat' dir='ltr'><strong>et</strong></span> <span class='ocrx_word' id='word_1_56' title='bbox 381 694 639 757; x_wconf 81' lang='lat' dir='ltr'><strong>veteres,</strong></span> <span class='ocrx_word' id='word_1_57' title='bbox 669 685 770 764; x_wconf 87' lang='lat' dir='ltr'><strong>qui</strong></span> <span class='ocrx_word' id='word_1_58' title='bbox 803 684 888 764; x_wconf 93' lang='lat' dir='ltr'><strong>(l)</strong></span> <span class='ocrx_word' id='word_1_59' title='bbox 927 682 1157 743; x_wconf 79' lang='lat' dir='ltr'><strong>familiae</strong></span> <span class='ocrx_word' id='word_1_60' title='bbox 1195 693 1538 765; x_wconf 77' lang='lat' dir='ltr'><strong>emptorem,</strong></span> <span class='ocrx_word' id='word_1_61' title='bbox 1568 692 1625 744; x_wconf 85' lang='lat' dir='ltr'><strong>et</strong></span> <span class='ocrx_word' id='word_1_62' title='bbox 1656 706 1751 745; x_wconf 90' lang='lat' dir='ltr'><strong>eos</strong></span> <span class='ocrx_word' id='word_1_63' title='bbox 1790 686 1889 766; x_wconf 88' lang='lat' dir='ltr'><strong>qui</strong></span> 
     </span>
     <span class='ocr_line' id='line_1_8' title="bbox 69 776 1883 858; baseline 0.001 -24"><span class='ocrx_word' id='word_1_64' title='bbox 69 793 148 849; x_wconf 78' lang='lat' dir='ltr'><strong>per</strong></span> <span class='ocrx_word' id='word_1_65' title='bbox 163 783 495 852; x_wconf 80' lang='lat' dir='ltr'><strong>potestatem</strong></span> <span class='ocrx_word' id='word_1_66' title='bbox 513 777 569 837; x_wconf 88' lang='lat' dir='ltr'><strong>ei</strong></span> <span class='ocrx_word' id='word_1_67' title='bbox 581 777 888 837; x_wconf 82' lang='lat' dir='ltr'><strong>coadunati</strong></span> <span class='ocrx_word' id='word_1_68' title='bbox 906 776 1151 851; x_wconf 84' lang='lat' dir='ltr'><strong>fuerant,</strong></span> <span class='ocrx_word' id='word_1_69' title='bbox 1170 778 1502 837; x_wconf 72' lang='lat' dir='ltr'><strong>testimoniis</strong></span> <span class='ocrx_word' id='word_1_70' title='bbox 1516 777 1883 858; x_wconf 81' lang='lat' dir='ltr'><strong>repellebant,</strong></span> 
     </span>
     <span class='ocr_line' id='line_1_9' title="bbox 66 864 1888 953; baseline 0.004 -30"><span class='ocrx_word' id='word_1_71' title='bbox 66 864 248 941; x_wconf 71' lang='lat' dir='ltr'><strong>heredi,</strong></span> <span class='ocrx_word' id='word_1_72' title='bbox 281 877 340 927; x_wconf 88' lang='lat' dir='ltr'><strong>et</strong></span> <span class='ocrx_word' id='word_1_73' title='bbox 365 872 444 929; x_wconf 90' lang='lat' dir='ltr'><strong>iis</strong></span> <span class='ocrx_word' id='word_1_74' title='bbox 471 872 578 951; x_wconf 84' lang='lat' dir='ltr'><strong>qui</strong></span> <span class='ocrx_word' id='word_1_75' title='bbox 603 891 712 952; x_wconf 88' lang='lat' dir='ltr'><strong>per</strong></span> <span class='ocrx_word' id='word_1_76' title='bbox 735 879 1072 953; x_wconf 83' lang='lat' dir='ltr'><strong>potestatem</strong></span> <span class='ocrx_word' id='word_1_77' title='bbox 1095 872 1149 931; x_wconf 88' lang='lat' dir='ltr'><strong>ei</strong></span> <span class='ocrx_word' id='word_1_78' title='bbox 1177 873 1463 951; x_wconf 85' lang='lat' dir='ltr'><strong>conjuncti</strong></span> <span class='ocrx_word' id='word_1_79' title='bbox 1486 872 1725 944; x_wconf 81' lang='lat' dir='ltr'><strong>fuerunt,</strong></span> <span class='ocrx_word' id='word_1_80' title='bbox 1748 880 1888 933; x_wconf 74' lang='lat' dir='ltr'><strong>con-</strong></span> 
     </span>
     <span class='ocr_line' id='line_1_10' title="bbox 71 959 1889 1045; baseline 0.003 -26"><span class='ocrx_word' id='word_1_81' title='bbox 71 959 304 1020; x_wconf 74' lang='lat' dir='ltr'><strong>cedebant</strong></span> <span class='ocrx_word' id='word_1_82' title='bbox 329 964 670 1023; x_wconf 83' lang='lat' dir='ltr'><strong>testimonia</strong></span> <span class='ocrx_word' id='word_1_83' title='bbox 696 964 758 1023; x_wconf 87' lang='lat' dir='ltr'><strong>in</strong></span> <span class='ocrx_word' id='word_1_84' title='bbox 781 964 1130 1027; x_wconf 77' lang='lat' dir='ltr'><strong>testamentis</strong></span> <span class='ocrx_word' id='word_1_85' title='bbox 1156 973 1423 1043; x_wconf 81' lang='lat' dir='ltr'><strong>praestare</strong></span> <span class='ocrx_word' id='word_1_86' title='bbox 1440 1010 1455 1037; x_wconf 99' lang='lat'><strong>,</strong></span> <span class='ocrx_word' id='word_1_87' title='bbox 1484 961 1613 1023; x_wconf 87' lang='lat' dir='ltr'><strong>licet</strong></span> <span class='ocrx_word' id='word_1_88' title='bbox 1638 966 1679 1022; x_wconf 88' lang='lat' dir='ltr'><strong>ii</strong></span> <span class='ocrx_word' id='word_1_89' title='bbox 1705 966 1803 1045; x_wconf 91' lang='lat' dir='ltr'><strong>qui</strong></span> <span class='ocrx_word' id='word_1_90' title='bbox 1832 964 1889 1025; x_wconf 85' lang='lat' dir='ltr'><strong>id</strong></span> 
     </span>
     <span class='ocr_line' id='line_1_11' title="bbox 69 1054 1882 1139; baseline 0.001 -26"><span class='ocrx_word' id='word_1_91' title='bbox 69 1054 459 1131; x_wconf 71' lang='lat' dir='ltr'><strong>permittebant,</strong></span> <span class='ocrx_word' id='word_1_92' title='bbox 484 1056 598 1117; x_wconf 88' lang='lat' dir='ltr'><strong>hoc</strong></span> <span class='ocrx_word' id='word_1_93' title='bbox 609 1060 746 1139; x_wconf 87' lang='lat' dir='ltr'><strong>jure</strong></span> <span class='ocrx_word' id='word_1_94' title='bbox 767 1059 1006 1119; x_wconf 85' lang='lat' dir='ltr'><strong>minime</strong></span> <span class='ocrx_word' id='word_1_95' title='bbox 1025 1056 1185 1117; x_wconf 87' lang='lat' dir='ltr'><strong>abuti</strong></span> <span class='ocrx_word' id='word_1_96' title='bbox 1202 1077 1295 1119; x_wconf 86' lang='lat' dir='ltr'><strong>eos</strong></span> <span class='ocrx_word' id='word_1_97' title='bbox 1315 1056 1521 1117; x_wconf 84' lang='lat' dir='ltr'><strong>debere</strong></span> <span class='ocrx_word' id='word_1_98' title='bbox 1535 1056 1882 1117; x_wconf 82' lang='lat' dir='ltr'><strong>suadebant:</strong></span> 
     </span>
     <span class='ocr_line' id='line_1_12' title="bbox 71 1150 1885 1232; baseline 0.003 -27"><span class='ocrx_word' id='word_1_99' title='bbox 71 1157 222 1207; x_wconf 76' lang='lat' dir='ltr'><strong>tamen</strong></span> <span class='ocrx_word' id='word_1_100' title='bbox 247 1169 394 1222; x_wconf 81' lang='lat' dir='ltr'><strong>uos,</strong></span> <span class='ocrx_word' id='word_1_101' title='bbox 434 1150 704 1211; x_wconf 79' lang='lat' dir='ltr'><strong>eamdem</strong></span> <span class='ocrx_word' id='word_1_102' title='bbox 741 1150 1197 1212; x_wconf 78' lang='lat' dir='ltr'><strong>observationem</strong></span> <span class='ocrx_word' id='word_1_103' title='bbox 1234 1152 1605 1232; x_wconf 75' lang='lat' dir='ltr'><strong>corrigentes,</strong></span> <span class='ocrx_word' id='word_1_104' title='bbox 1646 1160 1700 1210; x_wconf 90' lang='lat' dir='ltr'><strong>et</strong></span> <span class='ocrx_word' id='word_1_105' title='bbox 1737 1150 1885 1232; x_wconf 86' lang='lat' dir='ltr'><strong>quod</strong></span> 
     </span>
     <span class='ocr_line' id='line_1_13' title="bbox 71 1240 1886 1326; baseline 0.004 -29"><span class='ocrx_word' id='word_1_106' title='bbox 71 1240 126 1295; x_wconf 73' lang='lat' dir='ltr'><strong>ah</strong></span> <span class='ocrx_word' id='word_1_107' title='bbox 145 1240 246 1300; x_wconf 84' lang='lat' dir='ltr'><strong>illis</strong></span> <span class='ocrx_word' id='word_1_108' title='bbox 271 1262 516 1304; x_wconf 73' lang='lat' dir='ltr'><strong>mesum</strong></span> <span class='ocrx_word' id='word_1_109' title='bbox 549 1255 634 1304; x_wconf 85' lang='lat' dir='ltr'><strong>est</strong></span> <span class='ocrx_word' id='word_1_110' title='bbox 661 1246 722 1304; x_wconf 87' lang='lat' dir='ltr'><strong>in</strong></span> <span class='ocrx_word' id='word_1_111' title='bbox 761 1244 903 1326; x_wconf 80' lang='lat' dir='ltr'><strong>legis</strong></span> <span class='ocrx_word' id='word_1_112' title='bbox 929 1245 1316 1304; x_wconf 74' lang='lat' dir='ltr'><strong>necessitatem</strong></span> <span class='ocrx_word' id='word_1_113' title='bbox 1346 1244 1747 1303; x_wconf 70' lang='lat' dir='ltr'><strong>transferentes</strong></span> <span class='ocrx_word' id='word_1_114' title='bbox 1766 1291 1779 1316; x_wconf 93' lang='lat'><strong>,</strong></span> <span class='ocrx_word' id='word_1_115' title='bbox 1816 1243 1886 1304; x_wconf 78' lang='lat' dir='ltr'><strong>ad</strong></span> 
     </span>
     <span class='ocr_line' id='line_1_14' title="bbox 74 1334 1887 1418; baseline 0.003 -27"><span class='ocrx_word' id='word_1_116' title='bbox 74 1334 408 1397; x_wconf 75' lang='lat' dir='ltr'><strong>imitationem</strong></span> <span class='ocrx_word' id='word_1_117' title='bbox 437 1340 672 1418; x_wconf 84' lang='lat' dir='ltr'><strong>pristini</strong></span> <span class='ocrx_word' id='word_1_118' title='bbox 699 1337 931 1397; x_wconf 80' lang='lat' dir='ltr'><strong>familioe</strong></span> <span class='ocrx_word' id='word_1_119' title='bbox 967 1339 1272 1418; x_wconf 83' lang='lat' dir='ltr'><strong>emptoris,</strong></span> <span class='ocrx_word' id='word_1_120' title='bbox 1310 1339 1513 1403; x_wconf 85' lang='lat' dir='ltr'><strong>merito</strong></span> <span class='ocrx_word' id='word_1_121' title='bbox 1550 1356 1655 1397; x_wconf 86' lang='lat' dir='ltr'><strong>nec</strong></span> <span class='ocrx_word' id='word_1_122' title='bbox 1693 1336 1887 1398; x_wconf 76' lang='lat' dir='ltr'><strong>heredi</strong></span> 
     </span>
     <span class='ocr_line' id='line_1_15' title="bbox 75 1429 1887 1513; baseline 0.004 -29"><span class='ocrx_word' id='word_1_123' title='bbox 75 1429 144 1504; x_wconf 70' lang='lat' dir='ltr'><strong>qai</strong></span> <span class='ocrx_word' id='word_1_124' title='bbox 173 1430 486 1511; x_wconf 69' lang='lat' dir='ltr'><strong>imaginem</strong></span> <span class='ocrx_word' id='word_1_125' title='bbox 523 1434 890 1492; x_wconf 82' lang='lat' dir='ltr'><strong>vetustissimi</strong></span> <span class='ocrx_word' id='word_1_126' title='bbox 924 1430 1157 1490; x_wconf 63' lang='lat' dir='ltr'><strong>familiae</strong></span> <span class='ocrx_word' id='word_1_127' title='bbox 1189 1433 1460 1513; x_wconf 85' lang='lat' dir='ltr'><strong>emptoris</strong></span> <span class='ocrx_word' id='word_1_128' title='bbox 1496 1430 1742 1501; x_wconf 88' lang='lat' dir='ltr'><strong>obtinet,</strong></span> <span class='ocrx_word' id='word_1_129' title='bbox 1784 1450 1887 1492; x_wconf 84' lang='lat' dir='ltr'><strong>nec</strong></span> 
     </span>
     <span class='ocr_line' id='line_1_16' title="bbox 77 1518 1883 1605; baseline 0.003 -27"><span class='ocrx_word' id='word_1_130' title='bbox 77 1518 170 1578; x_wconf 78' lang='lat' dir='ltr'><strong>aliis</strong></span> <span class='ocrx_word' id='word_1_131' title='bbox 209 1527 478 1603; x_wconf 85' lang='lat' dir='ltr'><strong>personis</strong></span> <span class='ocrx_word' id='word_1_132' title='bbox 519 1545 650 1605; x_wconf 72' lang='lat' dir='ltr'><strong>quoe</strong></span> <span class='ocrx_word' id='word_1_133' title='bbox 692 1526 773 1597; x_wconf 87' lang='lat' dir='ltr'><strong>ei,</strong></span> <span class='ocrx_word' id='word_1_134' title='bbox 823 1534 890 1584; x_wconf 89' lang='lat' dir='ltr'><strong>ut</strong></span> <span class='ocrx_word' id='word_1_135' title='bbox 934 1525 1149 1584; x_wconf 85' lang='lat' dir='ltr'><strong>dictum</strong></span> <span class='ocrx_word' id='word_1_136' title='bbox 1195 1532 1310 1596; x_wconf 85' lang='lat' dir='ltr'><strong>est,</strong></span> <span class='ocrx_word' id='word_1_137' title='bbox 1360 1526 1671 1604; x_wconf 57' lang='lat' dir='ltr'><strong>conjunctis</strong></span> <span class='ocrx_word' id='word_1_138' title='bbox 1716 1533 1883 1601; x_wconf 84' lang='lat' dir='ltr'><strong>sunt,</strong></span> 
     </span>
     <span class='ocr_line' id='line_1_17' title="bbox 73 1612 1883 1701; baseline 0.003 -28"><span class='ocrx_word' id='word_1_139' title='bbox 73 1612 316 1678; x_wconf 73' lang='lat' dir='ltr'><strong>licentiam</strong></span> <span class='ocrx_word' id='word_1_140' title='bbox 355 1618 729 1680; x_wconf 75' lang='lat' dir='ltr'><strong>concedimus</strong></span> <span class='ocrx_word' id='word_1_141' title='bbox 757 1619 869 1679; x_wconf 91' lang='lat' dir='ltr'><strong>sibi</strong></span> <span class='ocrx_word' id='word_1_142' title='bbox 903 1618 1319 1701; x_wconf 85' lang='lat' dir='ltr'><strong>quodammodo</strong></span> <span class='ocrx_word' id='word_1_143' title='bbox 1353 1620 1673 1679; x_wconf 75' lang='lat' dir='ltr'><strong>testimonis</strong></span> <span class='ocrx_word' id='word_1_144' title='bbox 1711 1638 1883 1700; x_wconf 77' lang='lat' dir='ltr'><strong>proes-</strong></span> 
     </span>
     <span class='ocr_line' id='line_1_18' title="bbox 79 1710 1883 1793; baseline 0.004 -30"><span class='ocrx_word' id='word_1_145' title='bbox 79 1714 195 1779; x_wconf 66' lang='lat' dir='ltr'><strong>tau-03</strong></span> <span class='ocrx_word' id='word_1_146' title='bbox 227 1710 482 1793; x_wconf 82' lang='lat' dir='ltr'><strong>ideoque</strong></span> <span class='ocrx_word' id='word_1_147' title='bbox 523 1731 629 1771; x_wconf 85' lang='lat' dir='ltr'><strong>nec</strong></span> <span class='ocrx_word' id='word_1_148' title='bbox 661 1711 942 1793; x_wconf 84' lang='lat' dir='ltr'><strong>ejusmodi</strong></span> <span class='ocrx_word' id='word_1_149' title='bbox 979 1721 1190 1773; x_wconf 82' lang='lat' dir='ltr'><strong>veteres</strong></span> <span class='ocrx_word' id='word_1_150' title='bbox 1229 1714 1652 1774; x_wconf 82' lang='lat' dir='ltr'><strong>constitutiones</strong></span> <span class='ocrx_word' id='word_1_151' title='bbox 1693 1722 1883 1772; x_wconf 84' lang='lat' dir='ltr'><strong>nostro</strong></span> 
     </span>
     <span class='ocr_line' id='line_1_19' title="bbox 75 1799 838 1888; baseline 0.008 -29"><span class='ocrx_word' id='word_1_152' title='bbox 75 1799 224 1863; x_wconf 73' lang='lat' dir='ltr'><strong>codici</strong></span> <span class='ocrx_word' id='word_1_153' title='bbox 238 1806 428 1867; x_wconf 77' lang='lat' dir='ltr'><strong>inseri</strong></span> <span class='ocrx_word' id='word_1_154' title='bbox 455 1807 838 1888; x_wconf 82' lang='lat' dir='ltr'><strong>permisimus.</strong></span> 
     </span>
    </p>

    <p class='ocr_par' dir='ltr' id='par_1_3' title="bbox 75 1898 1884 2450">
     <span class='ocr_line' id='line_1_20' title="bbox 137 1898 1883 1983; baseline 0.001 -25"><span class='ocrx_word' id='word_1_155' title='bbox 137 1908 232 1960; x_wconf 84' lang='lat' dir='ltr'><strong>n.</strong></span> <span class='ocrx_word' id='word_1_156' title='bbox 279 1902 603 1983; x_wconf 65' lang='lat' dir='ltr'><strong>legam-iis</strong></span> <span class='ocrx_word' id='word_1_157' title='bbox 650 1910 842 1962; x_wconf 88' lang='lat' dir='ltr'><strong>autem</strong></span> <span class='ocrx_word' id='word_1_158' title='bbox 887 1908 942 1960; x_wconf 90' lang='lat' dir='ltr'><strong>et</strong></span> <span class='ocrx_word' id='word_1_159' title='bbox 983 1898 1545 1973; x_wconf 75' lang='lat' dir='ltr'><strong>fideicommissariis,</strong></span> <span class='ocrx_word' id='word_1_160' title='bbox 1590 1900 1724 1981; x_wconf 86' lang='lat' dir='ltr'><strong>quia</strong></span> <span class='ocrx_word' id='word_1_161' title='bbox 1768 1918 1883 1959; x_wconf 83' lang='lat' dir='ltr'><strong>non</strong></span> 
     </span>
     <span class='ocr_line' id='line_1_21' title="bbox 75 1990 1884 2074; baseline 0.001 -23"><span class='ocrx_word' id='word_1_162' title='bbox 75 1990 186 2067; x_wconf 77' lang='lat' dir='ltr'><strong>juris</strong></span> <span class='ocrx_word' id='word_1_163' title='bbox 207 2014 568 2059; x_wconf 79' lang='lat' dir='ltr'><strong>successores</strong></span> <span class='ocrx_word' id='word_1_164' title='bbox 595 2002 754 2067; x_wconf 84' lang='lat' dir='ltr'><strong>sunt,</strong></span> <span class='ocrx_word' id='word_1_165' title='bbox 786 2002 842 2055; x_wconf 90' lang='lat' dir='ltr'><strong>et</strong></span> <span class='ocrx_word' id='word_1_166' title='bbox 864 1992 989 2053; x_wconf 89' lang='lat' dir='ltr'><strong>aliis</strong></span> <span class='ocrx_word' id='word_1_167' title='bbox 1016 1996 1273 2074; x_wconf 85' lang='lat' dir='ltr'><strong>personis</strong></span> <span class='ocrx_word' id='word_1_168' title='bbox 1304 2002 1427 2074; x_wconf 79' lang='lat' dir='ltr'><strong>quoe</strong></span> <span class='ocrx_word' id='word_1_169' title='bbox 1458 1997 1539 2055; x_wconf 85' lang='lat' dir='ltr'><strong>eis</strong></span> <span class='ocrx_word' id='word_1_170' title='bbox 1574 1994 1884 2073; x_wconf 57' lang='lat' dir='ltr'><strong>conjunctis</strong></span> 
     </span>
     <span class='ocr_line' id='line_1_22' title="bbox 83 2087 1883 2169; baseline 0.003 -27"><span class='ocrx_word' id='word_1_171' title='bbox 83 2094 192 2157; x_wconf 69' lang='lat' dir='ltr'><strong>mut,</strong></span> <span class='ocrx_word' id='word_1_172' title='bbox 205 2089 603 2149; x_wconf 84' lang='lat' dir='ltr'><strong>testimonium</strong></span> <span class='ocrx_word' id='word_1_173' title='bbox 623 2108 738 2147; x_wconf 87' lang='lat' dir='ltr'><strong>non</strong></span> <span class='ocrx_word' id='word_1_174' title='bbox 758 2087 1186 2169; x_wconf 80' lang='lat' dir='ltr'><strong>denegsvimus,</strong></span> <span class='ocrx_word' id='word_1_175' title='bbox 1208 2090 1327 2147; x_wconf 89' lang='lat' dir='ltr'><strong>imo</strong></span> <span class='ocrx_word' id='word_1_176' title='bbox 1345 2089 1403 2146; x_wconf 89' lang='lat' dir='ltr'><strong>iu</strong></span> <span class='ocrx_word' id='word_1_177' title='bbox 1426 2087 1672 2169; x_wconf 86' lang='lat' dir='ltr'><strong>quadam</strong></span> <span class='ocrx_word' id='word_1_178' title='bbox 1693 2096 1883 2147; x_wconf 84' lang='lat' dir='ltr'><strong>nostra</strong></span> 
     </span>
     <span class='ocr_line' id='line_1_23' title="bbox 83 2178 1883 2263; baseline 0 -26"><span class='ocrx_word' id='word_1_179' title='bbox 83 2182 444 2241; x_wconf 71' lang='lat' dir='ltr'><strong>mutatione</strong></span> <span class='ocrx_word' id='word_1_180' title='bbox 467 2189 526 2241; x_wconf 89' lang='lat' dir='ltr'><strong>et</strong></span> <span class='ocrx_word' id='word_1_181' title='bbox 539 2178 648 2241; x_wconf 87' lang='lat' dir='ltr'><strong>hoc</strong></span> <span class='ocrx_word' id='word_1_182' title='bbox 666 2179 985 2263; x_wconf 75' lang='lat' dir='ltr'><strong>specialiter</strong></span> <span class='ocrx_word' id='word_1_183' title='bbox 1004 2182 1411 2251; x_wconf 84' lang='lat' dir='ltr'><strong>concessimus,</strong></span> <span class='ocrx_word' id='word_1_184' title='bbox 1436 2189 1491 2239; x_wconf 92' lang='lat' dir='ltr'><strong>et</strong></span> <span class='ocrx_word' id='word_1_185' title='bbox 1507 2178 1685 2239; x_wconf 89' lang='lat' dir='ltr'><strong>multo</strong></span> <span class='ocrx_word' id='word_1_186' title='bbox 1704 2182 1883 2262; x_wconf 76' lang='lat' dir='ltr'><strong>magis</strong></span> 
     </span>
     <span class='ocr_line' id='line_1_24' title="bbox 85 2270 1881 2355; baseline 0.002 -27"><span class='ocrx_word' id='word_1_187' title='bbox 85 2270 130 2328; x_wconf 79' lang='lat' dir='ltr'><strong>iis</strong></span> <span class='ocrx_word' id='word_1_188' title='bbox 163 2277 248 2353; x_wconf 85' lang='lat' dir='ltr'><strong>qui</strong></span> <span class='ocrx_word' id='word_1_189' title='bbox 291 2279 360 2335; x_wconf 85' lang='lat' dir='ltr'><strong>in</strong></span> <span class='ocrx_word' id='word_1_190' title='bbox 401 2294 602 2335; x_wconf 86' lang='lat' dir='ltr'><strong>eorum</strong></span> <span class='ocrx_word' id='word_1_191' title='bbox 640 2279 916 2355; x_wconf 73' lang='lat' dir='ltr'><strong>potestate</strong></span> <span class='ocrx_word' id='word_1_192' title='bbox 959 2280 1114 2347; x_wconf 88' lang='lat' dir='ltr'><strong>sunt,</strong></span> <span class='ocrx_word' id='word_1_193' title='bbox 1158 2271 1251 2332; x_wconf 80' lang='lat' dir='ltr'><strong>vel</strong></span> <span class='ocrx_word' id='word_1_194' title='bbox 1290 2274 1390 2353; x_wconf 88' lang='lat' dir='ltr'><strong>qui</strong></span> <span class='ocrx_word' id='word_1_195' title='bbox 1427 2291 1521 2332; x_wconf 88' lang='lat' dir='ltr'><strong>eos</strong></span> <span class='ocrx_word' id='word_1_196' title='bbox 1566 2270 1777 2333; x_wconf 83' lang='lat' dir='ltr'><strong>habent</strong></span> <span class='ocrx_word' id='word_1_197' title='bbox 1820 2276 1881 2331; x_wconf 90' lang='lat' dir='ltr'><strong>iu</strong></span> 
     </span>
     <span class='ocr_line' id='line_1_25' title="bbox 85 2368 1272 2450; baseline 0.002 -24"><span class='ocrx_word' id='word_1_198' title='bbox 85 2378 312 2443; x_wconf 74' lang='lat' dir='ltr'><strong>potestate</strong></span> <span class='ocrx_word' id='word_1_199' title='bbox 329 2416 346 2443; x_wconf 94' lang='lat'><strong>,</strong></span> <span class='ocrx_word' id='word_1_200' title='bbox 377 2370 708 2450; x_wconf 81' lang='lat' dir='ltr'><strong>hujusmodi</strong></span> <span class='ocrx_word' id='word_1_201' title='bbox 733 2370 1024 2430; x_wconf 81' lang='lat' dir='ltr'><strong>licentiam</strong></span> <span class='ocrx_word' id='word_1_202' title='bbox 1051 2368 1272 2429; x_wconf 84' lang='lat' dir='ltr'><strong>damus.</strong></span> 
     </span>
    </p>

    <p class='ocr_par' dir='ltr' id='par_1_4' title="bbox 85 2450 1881 2629">
     <span class='ocr_line' id='line_1_26' title="bbox 143 2450 1881 2534; baseline -0.001 -13"><span class='ocrx_word' id='word_1_203' title='bbox 143 2472 232 2521; x_wconf 70' lang='grc' dir='ltr'><strong>η.</strong></span> <span class='ocrx_word' id='word_1_204' title='bbox 263 2462 427 2523; x_wconf 79' lang='lat' dir='ltr'><strong>Nihil</strong></span> <span class='ocrx_word' id='word_1_205' title='bbox 455 2473 646 2523; x_wconf 87' lang='lat' dir='ltr'><strong>autem</strong></span> <span class='ocrx_word' id='word_1_206' title='bbox 669 2465 930 2534; x_wconf 85' lang='lat' dir='ltr'><strong>interest,</strong></span> <span class='ocrx_word' id='word_1_207' title='bbox 955 2450 1351 2522; x_wconf 71' lang='lat' dir='ltr'><strong>testamentum</strong></span> <span class='ocrx_word' id='word_1_208' title='bbox 1376 2463 1435 2521; x_wconf 87' lang='lat' dir='ltr'><strong>in</strong></span> <span class='ocrx_word' id='word_1_209' title='bbox 1460 2460 1689 2533; x_wconf 84' lang='lat' dir='ltr'><strong>tabulis,</strong></span> <span class='ocrx_word' id='word_1_210' title='bbox 1721 2481 1793 2521; x_wconf 81' lang='lat' dir='ltr'><strong>an</strong></span> <span class='ocrx_word' id='word_1_211' title='bbox 1822 2462 1881 2519; x_wconf 86' lang='lat' dir='ltr'><strong>in</strong></span> 
     </span>
     <span class='ocr_line' id='line_1_27' title="bbox 85 2548 1483 2629; baseline 0.003 -20"><span class='ocrx_word' id='word_1_212' title='bbox 85 2548 246 2614; x_wconf 72' lang='lat' dir='ltr'><strong>chartis</strong></span> <span class='ocrx_word' id='word_1_213' title='bbox 267 2556 698 2617; x_wconf 85' lang='lat' dir='ltr'><strong>membranisve</strong></span> <span class='ocrx_word' id='word_1_214' title='bbox 715 2602 730 2629; x_wconf 99' lang='lat'><strong>,</strong></span> <span class='ocrx_word' id='word_1_215' title='bbox 763 2554 853 2615; x_wconf 83' lang='lat' dir='ltr'><strong>vel</strong></span> <span class='ocrx_word' id='word_1_216' title='bbox 874 2557 935 2613; x_wconf 90' lang='lat' dir='ltr'><strong>in</strong></span> <span class='ocrx_word' id='word_1_217' title='bbox 969 2554 1077 2615; x_wconf 84' lang='lat' dir='ltr'><strong>alia</strong></span> <span class='ocrx_word' id='word_1_218' title='bbox 1103 2556 1340 2615; x_wconf 83' lang='lat' dir='ltr'><strong>materia</strong></span> <span class='ocrx_word' id='word_1_219' title='bbox 1367 2555 1483 2615; x_wconf 86' lang='lat' dir='ltr'><strong>fiat.</strong></span> 
     </span>
    </p>

    <p class='ocr_par' dir='ltr' id='par_1_5' title="bbox 91 2648 1885 3107">
     <span class='ocr_line' id='line_1_28' title="bbox 147 2648 1883 2731; baseline -0.001 -24"><span class='ocrx_word' id='word_1_220' title='bbox 147 2658 233 2712; x_wconf 72' lang='lat'><strong>18.</strong></span> <span class='ocrx_word' id='word_1_221' title='bbox 271 2650 384 2711; x_wconf 86' lang='lat' dir='ltr'><strong>Sed</strong></span> <span class='ocrx_word' id='word_1_222' title='bbox 414 2658 472 2711; x_wconf 89' lang='lat' dir='ltr'><strong>et</strong></span> <span class='ocrx_word' id='word_1_223' title='bbox 497 2671 677 2710; x_wconf 87' lang='lat' dir='ltr'><strong>unum</strong></span> <span class='ocrx_word' id='word_1_224' title='bbox 711 2659 1113 2711; x_wconf 84' lang='lat' dir='ltr'><strong>testamentum</strong></span> <span class='ocrx_word' id='word_1_225' title='bbox 1141 2649 1403 2731; x_wconf 88' lang='lat' dir='ltr'><strong>pluribus</strong></span> <span class='ocrx_word' id='word_1_226' title='bbox 1430 2648 1714 2711; x_wconf 86' lang='lat' dir='ltr'><strong>codicibus</strong></span> <span class='ocrx_word' id='word_1_227' title='bbox 1744 2668 1883 2707; x_wconf 87' lang='lat' dir='ltr'><strong>con-</strong></span> 
     </span>
     <span class='ocr_line' id='line_1_29' title="bbox 92 2736 1884 2827; baseline 0.001 -28"><span class='ocrx_word' id='word_1_228' title='bbox 92 2736 210 2802; x_wconf 69' lang='lat' dir='ltr'><strong>ficere</strong></span> <span class='ocrx_word' id='word_1_229' title='bbox 231 2746 364 2827; x_wconf 84' lang='lat' dir='ltr'><strong>quis</strong></span> <span class='ocrx_word' id='word_1_230' title='bbox 391 2752 613 2827; x_wconf 86' lang='lat' dir='ltr'><strong>potest;</strong></span> <span class='ocrx_word' id='word_1_231' title='bbox 653 2742 963 2805; x_wconf 85' lang='lat' dir='ltr'><strong>secundum</strong></span> <span class='ocrx_word' id='word_1_232' title='bbox 1005 2742 1353 2804; x_wconf 88' lang='lat' dir='ltr'><strong>obtinentem</strong></span> <span class='ocrx_word' id='word_1_233' title='bbox 1388 2754 1575 2803; x_wconf 86' lang='lat' dir='ltr'><strong>tamen</strong></span> <span class='ocrx_word' id='word_1_234' title='bbox 1614 2742 1884 2803; x_wconf 81' lang='lat' dir='ltr'><strong>observa-</strong></span> 
     </span>
     <span class='ocr_line' id='line_1_30' title="bbox 91 2834 1881 2919; baseline 0.001 -27"><span class='ocrx_word' id='word_1_235' title='bbox 91 2834 254 2898; x_wconf 75' lang='lat' dir='ltr'><strong>tionem</strong></span> <span class='ocrx_word' id='word_1_236' title='bbox 283 2837 561 2899; x_wconf 82' lang='lat' dir='ltr'><strong>omnibus</strong></span> <span class='ocrx_word' id='word_1_237' title='bbox 591 2838 750 2899; x_wconf 82' lang='lat' dir='ltr'><strong>factis</strong></span> <span class='ocrx_word' id='word_1_238' title='bbox 778 2860 790 2898; x_wconf 90' lang='lat'>:</span> <span class='ocrx_word' id='word_1_239' title='bbox 815 2836 967 2919; x_wconf 87' lang='lat' dir='ltr'><strong>quod</strong></span> <span class='ocrx_word' id='word_1_240' title='bbox 995 2836 1278 2897; x_wconf 88' lang='lat' dir='ltr'><strong>interdum</strong></span> <span class='ocrx_word' id='word_1_241' title='bbox 1306 2836 1474 2897; x_wconf 84' lang='lat' dir='ltr'><strong>etiam</strong></span> <span class='ocrx_word' id='word_1_242' title='bbox 1504 2838 1881 2898; x_wconf 83' lang='lat' dir='ltr'><strong>necessarium</strong></span> 
     </span>
     <span class='ocr_line' id='line_1_31' title="bbox 97 2930 1884 3013; baseline 0.004 -31"><span class='ocrx_word' id='word_1_243' title='bbox 97 2938 167 2999; x_wconf 73' lang='lat' dir='ltr'><strong>est,</strong></span> <span class='ocrx_word' id='word_1_244' title='bbox 201 2932 364 2992; x_wconf 77' lang='lat' dir='ltr'><strong>veluti</strong></span> <span class='ocrx_word' id='word_1_245' title='bbox 403 2934 456 2993; x_wconf 87' lang='lat' dir='ltr'><strong>si</strong></span> <span class='ocrx_word' id='word_1_246' title='bbox 501 2930 634 3013; x_wconf 87' lang='lat' dir='ltr'><strong>quis</strong></span> <span class='ocrx_word' id='word_1_247' title='bbox 675 2934 1036 3013; x_wconf 76' lang='lat' dir='ltr'><strong>navigaturus</strong></span> <span class='ocrx_word' id='word_1_248' title='bbox 1081 2942 1136 2992; x_wconf 92' lang='lat' dir='ltr'><strong>et</strong></span> <span class='ocrx_word' id='word_1_249' title='bbox 1176 2952 1367 2991; x_wconf 87' lang='lat' dir='ltr'><strong>secum</strong></span> <span class='ocrx_word' id='word_1_250' title='bbox 1412 2932 1588 3007; x_wconf 86' lang='lat' dir='ltr'><strong>serre,</strong></span> <span class='ocrx_word' id='word_1_251' title='bbox 1633 2942 1686 2991; x_wconf 88' lang='lat' dir='ltr'><strong>et</strong></span> <span class='ocrx_word' id='word_1_252' title='bbox 1730 2932 1884 2989; x_wconf 89' lang='lat' dir='ltr'><strong>domi</strong></span> 
     </span>
     <span class='ocr_line' id='line_1_32' title="bbox 97 3018 1885 3107; baseline -0.001 -25"><span class='ocrx_word' id='word_1_253' title='bbox 97 3020 366 3107; x_wconf 78' lang='lat' dir='ltr'><strong>relinquere</strong></span> <span class='ocrx_word' id='word_1_254' title='bbox 403 3024 760 3105; x_wconf 87' lang='lat' dir='ltr'><strong>judiciorum</strong></span> <span class='ocrx_word' id='word_1_255' title='bbox 800 3045 1028 3085; x_wconf 88' lang='lat' dir='ltr'><strong>suorum</strong></span> <span class='ocrx_word' id='word_1_256' title='bbox 1085 3024 1548 3085; x_wconf 79' lang='lat' dir='ltr'><strong>contestationem</strong></span> <span class='ocrx_word' id='word_1_257' title='bbox 1595 3022 1750 3092; x_wconf 84' lang='lat' dir='ltr'><strong>velit,</strong></span> <span class='ocrx_word' id='word_1_258' title='bbox 1798 3018 1885 3081; x_wconf 74' lang='lat' dir='ltr'><strong>vel</strong></span> 
     </span>
    </p>
   </div>
   <div class='ocr_carea' id='block_1_3' title="bbox 142 3314 1605 3444">
    <p class='ocr_par' dir='ltr' id='par_1_6' title="bbox 142 3314 1605 3444">
     <span class='ocr_line' id='line_1_33' title="bbox 142 3314 1605 3444; baseline 0 -77"><span class='ocrx_word' id='word_1_259' title='bbox 142 3318 194 3381; x_wconf 83' lang='lat' dir='ltr'><strong>(l)</strong></span> <span class='ocrx_word' id='word_1_260' title='bbox 215 3318 364 3383; x_wconf 60' lang='lat' dir='ltr'><strong>Vulgo</strong></span> <span class='ocrx_word' id='word_1_261' title='bbox 391 3334 406 3366; x_wconf 90' lang='lat'>:</span> <span class='ocrx_word' id='word_1_262' title='bbox 435 3328 620 3367; x_wconf 73' lang='lat' dir='ltr'><strong>veteres</strong></span> <span class='ocrx_word' id='word_1_263' title='bbox 643 3314 834 3383; x_wconf 74' lang='lat' dir='ltr'><strong>quidem.</strong></span> <span class='ocrx_word' id='word_1_264' title='bbox 877 3364 880 3367; x_wconf 81' lang='grc'><em>.</em></span> <span class='ocrx_word' id='word_1_265' title='bbox 1540 3392 1605 3444; x_wconf 60' lang='lat'><strong>43</strong></span> 
     </span>
    </p>
   </div>
  </div>
 </body>
</html>
