2292 3684
860 120 935 162 uu
970 119 1316 165 munuum.
1910 113 2012 166 899

168 221 481 300 Ροιιιροιιίς
524 237 874 302 quamquam
920 218 1168 286 Sabinus
1212 223 1594 304 responderit,
1640 231 1704 285 ut
1739 229 1794 286 et
1817 225 2015 287 Celsus

169 313 269 375 lib.
300 314 441 376 XIX.
474 314 597 396 Dig.
634 313 837 385 refert,
866 333 998 375 eum
1026 319 1127 397 qui
1153 324 1375 396 partem
1401 317 1757 379 ususfructus
1793 321 1854 378 in
1882 319 2016 400 jure

170 411 354 482 cessit,
382 417 437 470 et
466 410 723 469 amittere
746 415 969 488 partem
990 416 1045 469 et
1070 411 1198 490 ipso
1219 419 1510 472 momento
1535 413 1784 494 recipere
1810 427 2016 494 :quam

170 503 509 562 sententiam
542 504 667 582 ipse
700 507 765 561 ut
804 499 1067 562 stolidam
1094 503 1494 584 reprehendit3
1526 507 1735 566 etenim
1773 522 1894 566 csse
1923 507 2019 566 in-

170 593 469 677 cogitabile
499 593 757 654 eamdesu
783 611 907 655 esse
932 611 1168 656 causam
1194 599 1401 678 cuique
1429 603 1484 656 et
1512 597 1807 658 amittendi
1833 604 1892 658 et
1920 612 2018 658 re-

170 689 441 770 cipicndl.

256 791 377 846 vo.
399 779 665 842 Julianus
684 780 899 853 scribit,
922 782 970 840 si
992 799 1156 841 servo
1173 783 1466 842 communi
1489 783 1704 844 etTitic
1727 782 2019 846 ususfruc-

173 887 265 938 tus
302 875 539 958 legetur,
586 883 644 935 et
682 891 833 935 unus
868 891 939 935 ex
976 873 1222 936 dominis
1267 877 1522 935 amiserit
1569 877 2019 952 usumfructum,

174 989 293 1032 non
323 969 647 1030 adcrescere
666 969 835 1041 Titio,
867 967 965 1028 sed
986 967 1095 1028 soli
1124 970 1277 1030 socio
1311 991 1324 1028 ε
1357 970 1839 1050 quemadmodum
1865 971 2027 1031 ficret

176 1066 225 1123 si
252 1063 477 1138 duobus
502 1061 853 1141 conjunctim
874 1069 929 1120 et
954 1061 1117 1122 alteri
1139 1065 1449 1143 separatim
1477 1069 1624 1124 essct
1649 1063 1891 1124 relictus.
1917 1061 2028 1124 sed

176 1158 279 1238 qui
313 1155 595 1216 diversam
640 1155 979 1216 sententiam
1017 1155 1268 1236 probant
1307 1157 1444 1238 quid
1491 1155 1786 1218 dicerent?
1833 1163 2026 1218 utrum

177 1258 446 1312 extraneo
474 1248 600 1322 soli,
632 1267 707 1308 an
734 1251 908 1310 etiam
936 1253 1090 1310 socio
1114 1249 1481 1311 adcrescere?
1509 1249 1578 1312 Et
1605 1253 1704 1334 qui
1731 1247 2026 1312 lulianum

178 1344 483 1417 consuluit,
512 1345 593 1402 its
614 1341 913 1414 consuluit,
946 1363 1022 1403 an
1051 1343 1125 1404 ad
1153 1343 1504 1426 uti-ammae)
1537 1345 1838 1426 pertineat,
1867 1343 2030 1426 quasi

179 1441 360 1520 possit
392 1445 447 1499 et
472 1439 583 1519 ipsi
620 1438 773 1498 socio
802 1435 1144 1498 adcrescere.
1180 1436 1400 1518 Atquin
1438 1437 1590 1518 quod
1620 1439 1748 1519 quis
1789 1437 2027 1515 amittit,

178 1532 495 1596 secundum
518 1531 797 1612 Pomponi
826 1531 1210 1590 senteutiam
1191 1532 1303 1611 ipsi
1331 1549 1447 1591 ιιοιι
1475 1530 1705 1591 accedit.

265 1637 379 1688 vv.
424 1621 715 1685 Interdum
761 1632 983 1695 tamen,
1032 1625 1136 1682 etsi
1181 1641 1298 1682 uon
1335 1623 1451 1682 siut
1487 1623 1801 1704 conjuncti,
1840 1629 2033 1683 tamen

179 1715 538 1780 ususfructus
573 1717 790 1798 legatus
823 1715 985 1776 alteri
1021 1714 1312 1776 adrescit:
1347 1723 1410 1776 ut
1439 1724 1579 1797 puta
1613 1719 1662 1776 si
1697 1713 1839 1776 mihi
1865 1713 2032 1776 fundi

180 1811 541 1873 ususfructus
588 1809 896 1889 separatim
936 1807 1126 1880 totius,
1163 1815 1216 1868 et
1243 1806 1348 1867 tibi
1377 1808 1637 1870 similiter
1668 1807 1840 1868 fuerit
1865 1824 2033 1868 usus-

178 1906 400 1966 fructus
428 1901 669 1963 relietus.
702 1903 867 1970 Nam,
900 1910 962 1960 ut
982 1898 1178 1961 Celsus
1201 1899 1301 1961 lib.
1323 1901 1511 1962 xvln.
1537 1902 1664 1983 mg.
1697 1909 1751 1962 et
1769 1899 2033 1962 Julianus

178 1998 287 2060 lib.
320 1995 531 2057 XXXV.
564 1993 790 2068 scribit,
830 2011 1111 2054 concursu
1136 2001 1328 2074 partes
1357 1991 1650 2054 habemus.
1684 1991 1848 2064 Quod
1890 1995 2032 2054 etin
2127 2031 2146 2050 ι

182 2092 535 2173 proprietate
568 2089 922 2170 contingeret
958 2109 971 2146 :
1002 2105 1139 2147 nam
1171 2085 1350 2148 altero
1381 2085 1744 2168 repudiante,
1775 2085 1918 2148 alter
1943 2095 2036 2148 tc-

180 2193 311 2246 tum
344 2182 590 2245 fundum
618 2179 870 2242 haberet.
908 2177 1019 2241 Sed
1044 2181 1104 2238 in
1134 2179 1436 2240 usufructu
1478 2177 1586 2240 hoc
1615 2179 1744 2260 plus
1768 2185 1851 2238 cst
1880 2181 2039 2256 (con-

185 2291 279 2342 tra
315 2297 493 2361 quam
531 2276 861 2338 Atilicinum
890 2273 1250 2354 respondisse
1289 2271 1546 2333 Aufidius
1573 2271 1748 2332 Chius
1785 2272 2033 2354 refert),

184 2373 345 2456 quod
389 2380 445 2432 ct
483 2371 817 2432 constitutus
856 2367 1234 2427 nihilominus
1274 2367 1517 2426 amissus
1547 2367 1643 2445 jus
1680 2365 2040 2426 adcrescendl

188 2467 453 2530 admittit.
506 2463 719 2525 Omnes
765 2464 921 2521 enim
967 2469 1226 2520 auctores
1283 2459 1436 2540 apud
1489 2457 1778 2518 Plautium
1817 2457 1886 2519 de
1930 2459 2038 2520 hoc

187 2567 628 2631 consenserunt,
666 2565 728 2618 ut
767 2566 822 2617 ct
866 2553 1062 2616 Celsus
1100 2561 1155 2614 et
1198 2552 1459 2613 Julianus
1499 2551 1787 2635 eleganter
1832 2555 2038 2620 aiunt
2023 2575 2038 2590 ·

188 2654 547 2718 ususfructus
584 2648 835 2733 quotidie
872 2647 1234 2709 constituitur
1269 2654 1323 2707 et
1357 2645 1597 2726 legatur,
1630 2664 1768 2718 non,
1800 2655 1860 2706 ut
1902 2667 2042 2728 prc-

190 2753 430 2832 pristas,
482 2763 551 2807 eo
594 2743 714 2805 'solo
754 2751 1011 2824 tempore
1050 2760 1164 2822 quo
1209 2739 1544 2800 vindicatur.
1597 2739 1740 2800 Cum
1786 2741 2039 2820 primum

190 2847 387 2923 itaque
414 2859 531 2902 nou
568 2839 819 2899 inveniet
844 2835 1085 2897 alterum
1114 2835 1212 2916 qui
1241 2833 1350 2894 sibi
1379 2841 1705 2904 concurrat,
1736 2832 1890 2895 solus
1917 2843 2041 2896 ute-

192 2948 291 2999 tur
316 2943 521 2997 tctum.
552 2933 789 2994 Vindius
816 2939 1035 3006 umen,
1064 2928 1205 2990 dum
1240 2927 1486 2990 consulit
1518 2926 1844 3002 «lulianum,
1877 2929 1934 2988 in
1975 2947 2043 2990 ea

195 3031 469 3111 opinione
488 3031 593 3100 est,
625 3034 688 3087 ut
713 3031 871 3106 putet
899 3043 1017 3083 ιιοιι
1040 3021 1226 3082 alias
1201 3041 1298 3102 Jus
1321 3018 1682 3082 adcrescendi
1699 3039 1840 3090 esse,
1866 3040 2042 3104 quam

197 3127 261 3184 in
296 3121 649 3203 conjunctis·
688 3119 789 3199 qui
825 3134 1103 3198 responso
1137 3116 1263 3176 ait.
1249 3135 1262 3150 ·
1295 3112 1450 3174 Nihil
1485 3112 1658 3173 refert
1695 3115 2044 3194 conjunctim

200 3238 275 3278 an
308 3215 619 3297 separatim
646 3211 1021 3292 relinquatur.

285 3317 405 3370 20.
447 3304 707 3368 Julianus
746 3301 849 3361 lib.
890 3299 1099 3362 XXXV.
1144 3297 1358 3372 scribit,
1399 3298 1446 3356 si
1483 3296 1704 3358 duobus
1741 3297 2046 3360 heredibus
