2292 3684
888 136 963 177 oa
996 134 1348 179 usuraucru.
1932 126 2036 182 897

176 240 381 293 tamen
416 233 543 314 ipse
565 234 849 297 cuccidere
862 282 881 317 ,
909 244 1197 319 quantum
1217 234 1302 298 ad
1329 234 1480 297 villa
1508 236 1901 319 resectionem,
1929 260 2035 322 po-

176 327 347 399 terit,
368 327 844 407 quemadmdum
862 330 1131 392 Neratius
1157 328 1258 389 lib.
1292 329 1385 390 111.
1417 330 1892 393 Membranarum
1920 338 2031 412 ait,

172 418 395 481 calcem
428 440 663 529 coquere
695 421 789 484 vel
824 441 1069 485 arenam
1076 422 1316 505 fodere
1346 422 1576 486 aliudve
1615 426 1752 507 quid
1793 426 2030 490 aedificio

174 516 573 576 neceesarium
614 534 836 577 tumere
874 536 1007 579 eum
1035 514 1204 597 poise
1257 562 2026 585 .............

176 700 339 781 apud
366 701 692 767 Labeonem
728 704 845 785 agit
880 724 915 763 a
924 746 2024 769 ..................

174 795 501 875 pertinere,
532 796 795 876 quamvis
826 793 1103 857 Proculus
1142 815 1260 857 nou
1313 842 1585 860 .....
1603 794 1616 805 ’
1629 844 2026 863 .......

174 980 345 1039 Nunc
365 980 689 1056 videndum,
714 983 763 1041 ai
787 984 939 1043 servi
959 981 1300 1065 usufructus
1321 986 1400 1045 sit
1425 982 1648 1065 leqatue
1683 1032 2022 1048 ......

173 1071 381 1153 legato.
430 1072 717 1155 Quidquid
766 1076 815 1133 ia
868 1095 939 1135 ex
988 1096 1166 1156 opera
1218 1096 1328 1137 cua
1373 1077 1667 1159 adquirit,
1715 1078 1806 1141 vel
1849 1099 1924 1141 ex
1965 1100 2030 1142 re

153 1166 523 1249 fructuarii,
554 1172 669 1231 sive
701 1172 1057 1261 mancipium
1097 1172 1367 1251 accipiat,
1400 1174 1516 1231 sive
1553 1172 1884 1253 stipuletur,
1915 1178 2030 1235 sive

310 1309 324 1322 .
374 1266 529 1324 aive
563 1265 616 1324 ei
630 1264 1115 1344 porcariosuerit
1153 1263 1408 1341 tradita,
1449 1264 1721 1347 leqatario
1761 1266 2023 1347 adquirit.

175 1358 247 1416 Et
290 1359 337 1417 si
367 1357 531 1420 heres
552 1361 861 1421 institutus
900 1362 1008 1431 eit,
1048 1358 1140 1419 vel
1177 1356 1434 1439 leyatum
1469 1364 1778 1441 acceperit,
1808 1366 2028 1441 poterit

174 1496 757 1513 ..........
790 1453 995 1532 quoeri3
1028 1454 1286 1532 quamvis
1311 1451 1500 1511 Labeo
1527 1451 1842 1533 distinquat
1865 1455 2028 1535 cujus

174 1547 373 1627 qratia
398 1542 490 1605 vel
519 1529 680 1605 heres
704 1546 1010 1606 institutus
1036 1549 1143 1618 sit,
1175 1542 1266 1605 vel
1291 1542 1546 1625 leqatum
1578 1548 1872 1625 acceperit.

260 1647 372 1699 vn.
550 1641 813 1701 ,Sicuti
848 1636 1227 1718 stipulatione
1273 1637 1586 1700 fructuario
1627 1638 1890 1718 adquirit,
1937 1642 2026 1702 ita

173 1733 351 1793 etiam
374 1684 717 1812 paciscendo
752 1750 882 1792 eum
908 1730 1216 1813 adquirere
1252 1732 1644 1810 exceptionem
1653 1730 2018 1811 fructuario,

171 1823 434 1884 Julianus
462 1824 667 1884 XXXV.
699 1826 834 1905 Diq.
866 1822 1065 1885 scribit
1093 1844 1115 1881 .·
1149 1822 1411 1903 idemque
1438 1831 1496 1884 et
1521 1823 1574 1883 si
1596 1830 1892 1903 acceptum
1926 1842 2022 1885 ro-

172 1918 414 1996 qaverit,
456 1914 849 1977 liberationem
889 1918 941 1975 ei
958 1934 1185 1995 parere.
1224 1916 1513 1991 Quoniam
1534 1923 1734 1976 autem
1765 1914 2024 1977 diximus

173 2008 328 2091 quod
346 2029 421 2070 ex
442 2012 629 2090 operis
650 2008 991 2090 adquiritur
1006 2006 1089 2068 ad
1083 2008 1488 2088 fructuarium
1519 2007 1818 2088 pertinere,
1841 2012 2022 2069 scien·-

174 2103 311 2163 dum
348 2112 431 2165 est
457 2106 634 2165 etiam
668 2102 981 2184 coqeudum
1020 2122 1152 2162 eum
1183 2103 1416 2182 operari
1443 2122 1465 2160 .·
1494 2105 1704 2163 etenim
1737 2102 2017 2163 modicam

174 2216 395 2279 quoque
436 2199 863 2277 castigationem
895 2196 1217 2257 fructuario
1251 2204 1566 2276 competere
1604 2195 1858 2257 Sabinus
1892 2215 2016 2258 res-

165 2290 401 2370 poudit,
450 2301 506 2354 et
559 2293 761 2353 Casius
804 2289 901 2351 lib.
950 2292 1101 2353 VIII.
1151 2292 1314 2351 Juris
1349 2289 1527 2350 civilis
1571 2289 1790 2362 scribit,
1840 2293 1918 2349 ita
1955 2300 2018 2350 ut

176 2404 356 2465 neque
386 2391 666 2465 torqueat,
699 2401 882 2465 neque
897 2380 1164 2465 flaqellis
1189 2382 1370 2443 cadat
1411 2426 2012 2446 ..........

176 2498 219 2536 oe
266 2477 612 2561 gladiatoriae
661 2481 712 2538 ei
768 2498 904 2538 usus
946 2519 1611 2539 ...........
1664 2486 1727 2537 ut
1781 2497 2014 2560 compe-

176 2581 287 2633 tere
324 2592 507 2653 posse.
560 2573 625 2631 Ut
672 2592 807 2632 vero
855 2593 975 2654 pug
1034 2616 1367 2635 ......
1434 2570 1594 2632 Idem
1633 2580 1688 2631 et
1722 2570 2006 2642 Sabinus,
2027 2575 2034 2584 '

175 2667 428 2746 quamvis
467 2668 624 2725 navis
662 2664 973 2747 usufructu
1008 2663 1196 2747 leqato
1229 2663 1624 2745 naviqandum
1667 2664 2010 2753 mittendam

164 2767 367 2839 putat,
408 2759 537 2821 licet
590 2760 875 2841 naufragii
912 2756 1229 2839 periculum
1263 2760 1600 2833 immineat;
1709 2802 1724 2817 .
1775 2802 1792 2821 .
1835 2776 2010 2818 naves

174 2855 321 2914 enim
348 2854 421 2914 ad
451 2854 561 2915 hoc
590 2864 885 2935 parantur,
914 2861 985 2915 ut
1010 2855 1284 2934 navigent
1329 2899 1343 2914 .
1391 2900 1404 2915 .
1453 2897 1469 2915 .

250 2960 345 3010 ⁸28
351 2992 1122 3011 .............
1149 2945 1378 3028 fundos
1423 2954 1478 3006 et
1521 2947 1806 3025 mancipia
1855 2946 2008 3007 dona

178 3084 1080 3104 ...............
1134 3042 1547 3101 interueniente
1583 3044 1792 3119 recepit
1826 3042 2005 3119 stipu-

173 3134 379 3197 latione
422 3176 1073 3197 ...........
1082 3193 1091 3203 ,
1120 3176 1137 3192 .
1191 3175 1206 3191 .
1235 3131 1436 3194 utendi
1463 3131 1801 3213 fruendique
1823 3134 2005 3212 partia

175 3266 1226 3292 .................
1269 3228 1336 3286 in
1353 3225 1502 3286 diem
1525 3227 1648 3284 vitoe
1677 3245 1789 3285 suae
1815 3244 1884 3284 ex
1905 3244 2004 3285 vo-

172 3322 391 3384 luntate
432 3361 1270 3383 ..............
1318 3339 1353 3377 a
1395 3318 1664 3379 habuerit
1714 3338 1894 3400 usque
1944 3321 2003 3379 iu
