2292 3684
361 60 463 117 ⁴22
503 77 622 117 em
649 76 788 121 msr.
811 80 859 119 c.
886 78 966 135 ιιι,
991 67 1051 133 ss
1067 64 1227 121 77-84
1242 103 1255 118 .
1280 76 1567 121 successio
1588 80 1661 121 ex
1682 78 1963 125 aui-noua
1984 83 2202 125 soson.

439 664 550 715 vv.
585 652 882 713 Videamus
911 662 1100 713 autem
1129 665 1183 715 et
1201 655 1271 715 de
1299 676 1365 716 ea
1396 658 1749 717 successione
1776 676 1899 736 quse
1926 656 2095 717 nobis
2122 678 2199 717 ex

356 748 640 827 emptione
687 744 972 807 bonorum
1014 749 1297 831 competit.
1348 758 1466 810 vs.
1516 750 1669 808 Bona
1710 756 1897 809 autem
1940 760 2200 809 veneunt

356 848 452 899 ant
489 841 742 899 vivorum
766 846 876 931 ‘aut
912 849 1282 901 mon-tuorum.
1326 841 1623 911 Vivorum,
1658 840 1807 901 velut
1853 862 2051 901 eorum
2088 847 2196 923 qui

352 934 722 995 fraudationis
775 955 946 995 causa
989 934 1243 1009 latitant,
1296 956 1397 997 nec
1451 936 1709 997 absentes
1763 936 2187 1007 defendentum

267 1054 278 1073 ι
351 1029 488 1087 item
525 1046 718 1087 eorum
749 1030 847 1107 qui
884 1047 951 1086 ex
984 1025 1108 1109 lege
1139 1028 1292 1089 Julia
1330 1027 1495 1088 bonis
1532 1028 1766 1098 cedunt3
1798 1029 1933 1087 item
1957 1030 2193 1107 judica-

353 1128 538 1179 torum
577 1132 704 1200 post
740 1128 962 1200 tempus
991 1120 1141 1199 quod
1171 1121 1279 1193 eis,
1310 1123 1517 1201 partim
1546 1120 1669 1202 lege
1695 1121 1793 1192 ΧΠ
1822 1120 2151 1182 tabularum
2169 1168 2185 1195 ,

349 1214 558 1293 partim
586 1212 765 1273 edicto
793 1215 1076 1294 praetoris,
1108 1215 1179 1274 ad
1210 1214 1618 1295 expediendam
1652 1217 1951 1294 pecuniam
1978 1216 2189 1275 tribui-

353 1314 459 1366 tur.
499 1308 856 1367 Mortuorum
891 1306 1046 1367 bona
1084 1318 1364 1380 veneunt,
1398 1306 1549 1368 velut
1586 1326 1783 1367 eorum
1820 1308 2037 1387 quibus
2056 1330 2184 1369 cer-

351 1410 467 1460 tum
495 1410 578 1461 est
605 1421 786 1482 neque
807 1400 1060 1471 heredes,
1085 1421 1271 1482 neque
1299 1400 1583 1462 bonorum
1604 1422 1971 1483 possessores,
1996 1424 2182 1485 neque

349 1494 528 1554 ulium
569 1497 742 1555 alium
773 1496 993 1575 justum
1031 1515 1411 1557 successorem
1450 1498 1706 1557 existere.
1744 1506 1855 1557 ²9.
1890 1496 2181 1577 Siquidem

347 1590 456 1649 vivi
482 1588 636 1650 bona
657 1599 915 1660 veneant,
932 1590 1097 1671 jubet
1117 1611 1185 1649 ea
1210 1602 1417 1672 praetor
1441 1612 1544 1672 per
1566 1590 1683 1651 dies
1710 1592 2007 1650 continuos
2034 1592 2181 1651 XXX

345 1682 620 1765 possideri
648 1693 700 1744 ct
723 1684 1028 1765 proscribi:
1065 1686 1112 1744 si
1139 1704 1270 1746 vero
1299 1686 1526 1759 mortui,
1552 1693 1680 1766 post
1706 1684 1823 1745 dies
1843 1684 1951 1744 XV.
1981 1684 2185 1746 Postea

339 1772 504 1855 jubet
540 1778 839 1836 convenire
875 1776 1206 1851 creditores,
1250 1786 1305 1839 et
1346 1798 1413 1837 ex
1453 1797 1519 1839 eo
1564 1796 1805 1838 numero
1844 1778 2183 1858 magistrum

346 1870 543 1942 creari,
570 1868 628 1927 id
657 1878 767 1942 est,
801 1889 932 1929 eum
961 1889 1063 1952 per
1091 1890 1263 1952 quem
1296 1870 1449 1931 bona
1476 1881 1734 1931 veneant.
1764 1870 1961 1951 ltaque
1994 1872 2039 1929 si
2071 1873 2183 1931 vivi

347 1961 500 2022 bona
527 1972 797 2036 veneant,
841 1964 900 2022 in
928 1963 1128 2025 diebus
1160 2008 1670 2024 .........
1714 1962 1907 2043 jubet,
1942 1965 1991 2023 si
2017 1984 2183 2023 mor-

345 2058 425 2115 tui
453 2058 513 2115 in
550 2101 1388 2120 ..............
1436 2059 1546 2117 vivi
1584 2056 1736 2117 bona
1762 2058 1937 2127 XXX,
1969 2060 2181 2117 mortui

346 2169 476 2209 vero
502 2148 599 2209 XX
625 2150 866 2230 emptori
893 2148 1076 2210 addici
1093 2150 1273 2228 jubet.
1312 2150 1497 2221 Quare
1526 2158 1712 2212 autem
1742 2150 1953 2211 tardius
1982 2154 2180 2213 viren-

343 2246 483 2303 tium
525 2243 809 2303 bonorum
853 2242 1097 2303 venditio
1133 2243 1412 2324 compleri
1440 2244 1697 2324 jubetur,
1734 2244 1831 2303 illa
1867 2245 2012 2303 ratio
2058 2254 2175 2317 est,

343 2338 476 2417 quia
499 2335 568 2396 de
597 2338 732 2396 vivis
760 2336 1079 2397 curandum
1107 2344 1263 2417 erat,
1292 2356 1363 2396 ne
1394 2336 1557 2397 facile
1585 2336 1865 2399 bonorum
1894 2335 2179 2397 venditio-

347 2449 446 2489 nes
475 2437 824 2509 paterentur.
904 2424 911 2440 ’

419 2532 540 2584 80.
563 2524 756 2603 Neque
771 2532 954 2585 autem
971 2522 1257 2585 bonorum
1274 2542 1678 2604 possessorum,
1702 2542 1885 2604 neque
1901 2522 2175 2585 bonorum

342 2624 660 2695 emptorum
685 2632 776 2678 res
805 2616 971 2697 pleno
993 2618 1124 2697 jure
1145 2618 1307 2691 fiunt,
1331 2618 1429 2677 sed
1455 2619 1513 2677 in
1537 2616 1699 2677 bonis
1720 2616 2069 2691 efficiuntur;
2100 2640 2176 2680 cx

325 2712 468 2790 jure
503 2712 822 2787 Quiritium
856 2720 1048 2771 autem
1082 2712 1161 2769 ita
1192 2710 1420 2771 demum
1454 2710 1850 2791 adquiruntur,
1886 2713 1933 2771 si
1971 2732 2174 2773 usuce-

342 2811 567 2881 petunt.
613 2800 904 2862 Interdum
951 2800 1180 2883 quidem
1218 2802 1509 2863 bonorum
1550 2803 1903 2883 emptoribus
1904 2850 2166 2865 .....

343 2895 570 2977 quidem
575 2942 841 2958 .....
883 2898 929 2957 si
957 2918 1062 2977 per
1093 2916 1189 2957 eos
1193 2942 1451 2960 .....
1498 2896 1781 2959 bonorum
1810 2908 2049 2981 emptor.
2090 2944 2105 2959 .
2151 2945 2164 2960 .

345 3032 1677 3052 ......................
1734 3000 1849 3051 sl.
1882 2991 2021 3049 ltem
2049 3009 2170 3070 quoe

340 3076 536 3140 debita
563 3082 778 3141 suntsi
813 3079 1239 3161 cujussumnt
1266 3080 1433 3156 bona,
1466 3090 1565 3140 aut
1588 3083 1709 3161 ipse
1738 3079 1956 3151 debuit,
1988 3100 2169 3162 neque

340 3170 622 3233 bonorum
652 3192 1024 3254 possessores,
1057 3193 1236 3255 neque
1264 3168 1854 3263 bo'norumemptorcs
1890 3176 2016 3254 ipso
2038 3176 2167 3252 jure

339 3262 567 3339 debent,
591 3273 696 3329 aut
715 3267 854 3345 ipsis
877 3264 1155 3327 debemur
1163 3287 1195 3343 ,·
1223 3266 1324 3328 sed
1344 3267 1413 3327 de
1439 3264 1707 3328 omuibus
1736 3264 1906 3326 rebus
1930 3264 2169 3327 utilibus
