2292 3684
123 157 273 201 msr.
301 156 446 201 msr.
486 157 539 199 1..
575 157 617 213 1,
654 156 709 201 r.
736 156 894 204 xxvi.
922 158 995 201 nn
1024 157 1312 203 susPssc'rls
1335 158 1464 201 rur.
1491 156 1600 200 vsa
1626 158 1751 201 cua.
1792 144 1896 211 127

147 363 253 414 lo.
286 350 395 423 Qui
422 362 611 413 autem
637 352 757 412 vult
785 372 845 412 se
871 373 1164 427 excusare,
1196 356 1242 414 si
1271 354 1463 435 plures
1486 352 1696 414 habeat
1721 375 1894 415 excu-

64 450 339 519 sationes,
370 456 425 506 et
453 447 521 506 de
551 446 893 529 quibusdam
934 468 1045 507 non
1083 448 1440 528 probaverit,
1472 447 1595 507 aliis
1637 454 1717 508 uti
1748 451 1898 509 intra

60 550 321 621 tempora
344 559 461 598 non
491 537 844 620 prohibetur.
886 540 992 611 Qui
1032 548 1221 600 autem
1255 561 1523 602 excusare
1564 562 1622 601 se
1663 541 1894 614 volunt,

60 654 176 693 non
207 632 535 715 appellant;
570 632 665 692 sed
702 634 851 701 intra
884 633 1001 694 dies
1030 637 1444 718 quinquaginta
1475 638 1800 710 continuos,
1832 657 1900 696 ex

62 748 175 809 quo
194 736 607 808 cognoverunt,
632 746 897 787 excusare
918 748 977 787 se
996 727 1204 788 dehent
1218 774 1232 801 ,
1254 731 1658 810 cujuscumque
1679 731 1900 812 generis

64 830 230 890 sunt,
260 820 319 878 id
349 828 465 891 est,
489 820 973 902 qualitercumque
1001 820 1117 881 dati
1151 821 1362 881 fuerint
1383 829 1623 895 tutores,
1667 824 1714 882 si
1749 825 1900 882 intra

66 916 434 975 centesimum
463 913 713 995 lapidem
740 923 872 974 sunt
898 916 973 974 ab
998 935 1064 974 eo
1092 914 1216 975 loco
1241 914 1340 975 ubi
1365 924 1576 975 tutores
1601 915 1716 975 dati
1738 925 1896 987 sunt3

64 1012 110 1069 si
154 1029 287 1069 vero
333 1008 484 1068 ultra
523 1010 893 1069 centesimum
932 1009 1220 1082 habitant,
1267 1011 1716 1071 dinumeratione
1754 1010 1901 1071 sacta

62 1106 261 1183 viginti
310 1102 554 1162 millium
601 1102 936 1163 diurnorum
980 1114 1033 1164 et
1076 1104 1320 1186 amplius
1372 1106 1604 1187 triginta
1652 1104 1894 1166 dierum.

62 1197 225 1270 Quod
254 1206 445 1256 tamen
468 1242 482 1267 ,
516 1205 578 1255 ut
602 1196 845 1257 Scaevola
873 1196 1125 1269 dicebat,
1167 1201 1246 1258 sic
1281 1197 1446 1267 debet
1484 1200 1802 1279 computari
1829 1218 1902 1257 ne

60 1294 255 1351 minus
283 1293 401 1349 sint
425 1310 597 1371 quam
621 1293 1033 1373 quinquaginta
1058 1291 1193 1352 dies.

148 1396 262 1447 1¹³.
293 1384 471 1443 Datus
490 1392 679 1444 autem
701 1390 849 1445 tutor
869 1385 939 1444 ad
960 1387 1287 1445 universum
1311 1386 1722 1466 patrimonium
1741 1384 1902 1445 datus

71 1498 195 1539 esse
234 1477 499 1539 creditur.

149 1582 259 1632 19.
291 1571 400 1642 Qui
430 1568 662 1630 tutelam
690 1571 927 1653 alicujus
958 1574 1156 1653 gessit,
1178 1573 1386 1632 invitus
1407 1580 1635 1633 curator
1650 1571 1903 1651 ejusdem

59 1664 186 1725 fieri
228 1685 345 1723 non
390 1664 745 1747 compellitur
777 1668 882 1724 :in
926 1674 1146 1725 tantum
1190 1674 1281 1737 ut,
1332 1666 1461 1726 licet
1494 1666 1903 1748 paterfamilias

66 1760 169 1837 qui
192 1765 525 1817 testamento
563 1764 805 1818 tutorem
836 1757 1010 1831 dedit,
1053 1758 1322 1839 adjecerit
1351 1779 1410 1819 se
1445 1759 1706 1819 eumdem
1735 1780 1903 1820 cura-

63 1862 253 1911 torem
298 1850 461 1923 dare,
513 1858 703 1911 tamen
749 1852 987 1912 invitum
1036 1871 1168 1913 eum
1214 1870 1409 1913 curam
1459 1855 1745 1933 suscipere
1789 1872 1904 1911 non

64 1944 410 2028 cogendum,
442 1944 555 2004 divi
585 1945 819 2005 Severus
846 1955 900 2006 et
926 1945 1247 2005 Antoninus
1283 1947 1712 2027 rescripserunt.

151 2050 263 2101 n).
290 2040 468 2099 Iidem
497 2042 933 2121 rescripserunt,
970 2041 1242 2099 maritum
1270 2042 1432 2100 uxori
1454 2060 1568 2101 sua‘.
1587 2046 1903 2101 curatorem

62 2136 267 2195 datum
288 2152 559 2193 excusare
582 2153 642 2193 se
671 2154 835 2214 posse
855 2179 870 2207 ,
897 2132 1028 2194 licet
1056 2154 1115 2192 se
1140 2134 1478 2193 immisceat.

144 2239 266 2290 ω.
312 2227 371 2286 Si
418 2228 546 2307 quis
588 2236 777 2287 autem
818 2226 975 2287 falsis
1014 2224 1448 2307 allegationibus
1487 2229 1904 2289 excusationem

63 2322 253 2385 tutelae
278 2324 513 2395 meruit,
545 2340 662 2381 non
690 2327 775 2380 est
798 2319 1071 2383 liberatus
1100 2340 1270 2382 onere
1299 2320 1502 2383 tutelae.

204 2482 322 2545 Trr.
350 2480 538 2543 xxm.
570 2480 653 2541 Da
680 2496 939 2542 susrscns
964 2497 1242 2543 ruroaraus
1267 2498 1370 2542 vm.
1392 2482 1755 2542 ennaremus.

150 2612 459 2675 Sciendum
486 2619 570 2673 est
596 2616 837 2693 suspecti
863 2612 1078 2673 crimen
1108 2630 1177 2670 ex
1203 2608 1328 2692 lege
1359 2608 1655 2670 duodecim
1685 2606 1910 2669 tabula-

72 2729 205 2769 rum
232 2706 593 2767 descendere.

154 2812 223 2865 1.
270 2803 482 2862 Datum
522 2809 605 2863 est
646 2810 833 2862 autem
865 2804 957 2882 jus
995 2800 1319 2862 removendi
1368 2807 1582 2859 tutores
1625 2804 1912 2880 suspectos

74 2898 265 2957 Romae
294 2897 553 2977 praetori,
582 2903 637 2956 et
665 2896 723 2954 in
752 2896 1059 2977 provinciis
1082 2892 1416 2977 praes1dibus
1442 2914 1640 2955 earum
1657 2901 1710 2953 et
1729 2892 1911 2975 legato

80 2990 453 3072 proconsulis,

156 3098 225 3147 2.
259 3084 623 3146 Ostendimus
644 3086 741 3167 qui
764 3087 983 3166 possint
1000 3084 1067 3144 de
1087 3092 1345 3165 suspecto
1365 3102 1734 3165 cognoscer03
1759 3102 1912 3144 nunc

84 3180 370 3241 videamus
422 3181 521 3261 qui
568 3182 812 3260 suspecti
854 3178 979 3239 fieri
1024 3179 1256 3260 possint.
1323 3178 1392 3236 Et
1447 3176 1676 3258 quidem
1720 3197 1917 3236 omnes

86 3276 292 3333 tutores
320 3278 586 3353 possunt,
609 3272 723 3331 sive
751 3272 1153 3331 testamentarii
1181 3270 1296 3329 sint
1325 3271 1439 3329 sive
1471 3289 1616 3341 non,
1647 3269 1746 3329 sed
1774 3267 1918 3327 alte-

92 3365 203 3425 rius
229 3364 455 3447 generis
482 3372 707 3424 tutores.
753 3366 939 3435 Quare
969 3369 1022 3420 et
1050 3364 1095 3421 si
1126 3361 1411 3440 legitimus
1441 3362 1511 3420 sit
1545 3368 1699 3421 tutor
1712 3401 1733 3428 ‚-
1759 3378 1920 3419 accu-
