<?xml version="1.0" encoding="UTF-8"?>
<!DOCTYPE html PUBLIC "-//W3C//DTD XHTML 1.0 Transitional//EN"
    "http://www.w3.org/TR/xhtml1/DTD/xhtml1-transitional.dtd">
<html xmlns="http://www.w3.org/1999/xhtml" xml:lang="en" lang="en">
 <head>
  <title>
</title>
<meta http-equiv="Content-Type" content="text/html;charset=utf-8" />
  <meta name='ocr-system' content='tesseract 3.04.00' />
  <meta name='ocr-capabilities' content='ocr_page ocr_carea ocr_par ocr_line ocrx_word'/>
</head>
<body>
  <div class='ocr_page' id='page_1' title='image "./manualejurissyn00paulgoog_0417.png"; bbox 0 0 2292 3684; ppageno 0'>
   <div class='ocr_carea' id='block_1_1' title="bbox 187 148 1967 217">
    <p class='ocr_par' dir='ltr' id='par_1_1' title="bbox 187 148 1967 217">
     <span class='ocr_line' id='line_1_1' title="bbox 187 148 1967 217; baseline 0.004 -19"><span class='ocrx_word' id='word_1_1' title='bbox 187 158 334 199; x_wconf 70' lang='lat' dir='ltr'>Jusr.</span> <span class='ocrx_word' id='word_1_2' title='bbox 363 156 504 200; x_wconf 69' lang='lat' dir='ltr'>msr.</span> <span class='ocrx_word' id='word_1_3' title='bbox 535 160 582 200; x_wconf 75' lang='grc'>1,.</span> <span class='ocrx_word' id='word_1_4' title='bbox 617 158 701 217; x_wconf 85' lang='lat' dir='ltr'>m,</span> <span class='ocrx_word' id='word_1_5' title='bbox 729 160 779 202; x_wconf 80' lang='grc' dir='ltr'>Τ.</span> <span class='ocrx_word' id='word_1_6' title='bbox 807 160 890 204; x_wconf 71' lang='lat' dir='ltr'>xi.</span> <span class='ocrx_word' id='word_1_7' title='bbox 931 162 1004 204; x_wconf 75' lang='lat' dir='ltr'>DE</span> <span class='ocrx_word' id='word_1_8' title='bbox 1031 163 1101 204; x_wconf 76' lang='lat' dir='ltr'>Bo</span> <span class='ocrx_word' id='word_1_9' title='bbox 1127 164 1218 204; x_wconf 82' lang='lat' dir='ltr'>em</span> <span class='ocrx_word' id='word_1_10' title='bbox 1246 164 1357 206; x_wconf 74' lang='lat' dir='ltr'>Lm.</span> <span class='ocrx_word' id='word_1_11' title='bbox 1390 164 1443 207; x_wconf 83' lang='lat' dir='ltr'>C.</span> <span class='ocrx_word' id='word_1_12' title='bbox 1475 164 1616 206; x_wconf 67' lang='lat' dir='ltr'>nom</span> <span class='ocrx_word' id='word_1_13' title='bbox 1644 162 1823 206; x_wconf 74' lang='lat' dir='ltr'>Annio.</span> <span class='ocrx_word' id='word_1_14' title='bbox 1868 148 1967 205; x_wconf 61' lang='lat'>⁴27</span> 
     </span>
    </p>
   </div>
   <div class='ocr_carea' id='block_1_2' title="bbox 139 256 1993 909">
    <p class='ocr_par' dir='ltr' id='par_1_2' title="bbox 139 256 1993 909">
     <span class='ocr_line' id='line_1_2' title="bbox 223 256 1966 348; baseline 0.003 -27"><span class='ocrx_word' id='word_1_15' title='bbox 223 270 299 322; x_wconf 68' lang='lat'>3.</span> <span class='ocrx_word' id='word_1_16' title='bbox 347 260 455 321; x_wconf 85' lang='lat' dir='ltr'>Sed</span> <span class='ocrx_word' id='word_1_17' title='bbox 495 282 564 321; x_wconf 78' lang='lat' dir='ltr'>ex</span> <span class='ocrx_word' id='word_1_18' title='bbox 598 261 844 337; x_wconf 82' lang='lat' dir='ltr'>diverso,</span> <span class='ocrx_word' id='word_1_19' title='bbox 884 284 988 346; x_wconf 90' lang='lat' dir='ltr'>pro</span> <span class='ocrx_word' id='word_1_20' title='bbox 1035 285 1100 325; x_wconf 89' lang='lat' dir='ltr'>eo</span> <span class='ocrx_word' id='word_1_21' title='bbox 1146 265 1297 347; x_wconf 90' lang='lat' dir='ltr'>quod</span> <span class='ocrx_word' id='word_1_22' title='bbox 1340 268 1389 325; x_wconf 77' lang='lat' dir='ltr'>is</span> <span class='ocrx_word' id='word_1_23' title='bbox 1436 256 1628 327; x_wconf 77' lang='lat' dir='ltr'>d‘ebuit</span> <span class='ocrx_word' id='word_1_24' title='bbox 1670 270 1766 348; x_wconf 90' lang='lat' dir='ltr'>qui</span> <span class='ocrx_word' id='word_1_25' title='bbox 1808 286 1865 326; x_wconf 81' lang='lat' dir='ltr'>se</span> <span class='ocrx_word' id='word_1_26' title='bbox 1908 268 1966 326; x_wconf 88' lang='lat' dir='ltr'>in</span> 
     </span>
     <span class='ocr_line' id='line_1_3' title="bbox 148 354 1970 443; baseline 0.003 -28"><span class='ocrx_word' id='word_1_27' title='bbox 148 354 512 437; x_wconf 83' lang='lat' dir='ltr'>adoptionem</span> <span class='ocrx_word' id='word_1_28' title='bbox 540 356 715 431; x_wconf 82' lang='lat' dir='ltr'>dedit,</span> <span class='ocrx_word' id='word_1_29' title='bbox 748 360 871 440; x_wconf 81' lang='lat' dir='ltr'>ipso</span> <span class='ocrx_word' id='word_1_30' title='bbox 900 358 1124 440; x_wconf 86' lang='lat' dir='ltr'>quidem</span> <span class='ocrx_word' id='word_1_31' title='bbox 1155 361 1284 440; x_wconf 87' lang='lat' dir='ltr'>jure</span> <span class='ocrx_word' id='word_1_32' title='bbox 1321 360 1621 443; x_wconf 79' lang='lat' dir='ltr'>adrogator</span> <span class='ocrx_word' id='word_1_33' title='bbox 1654 382 1768 421; x_wconf 88' lang='lat' dir='ltr'>non</span> <span class='ocrx_word' id='word_1_34' title='bbox 1810 369 1970 420; x_wconf 86' lang='lat' dir='ltr'>tene-</span> 
     </span>
     <span class='ocr_line' id='line_1_4' title="bbox 147 450 1969 526; baseline 0.002 -17"><span class='ocrx_word' id='word_1_35' title='bbox 147 459 269 523; x_wconf 87' lang='lat' dir='ltr'>tur,</span> <span class='ocrx_word' id='word_1_36' title='bbox 303 450 398 510; x_wconf 85' lang='lat' dir='ltr'>sed</span> <span class='ocrx_word' id='word_1_37' title='bbox 426 453 656 512; x_wconf 80' lang='lat' dir='ltr'>nomine</span> <span class='ocrx_word' id='word_1_38' title='bbox 677 452 778 512; x_wconf 78' lang='lat' dir='ltr'>filii</span> <span class='ocrx_word' id='word_1_39' title='bbox 806 457 1194 526; x_wconf 85' lang='lat' dir='ltr'>convenietur;</span> <span class='ocrx_word' id='word_1_40' title='bbox 1222 464 1275 514; x_wconf 91' lang='lat' dir='ltr'>et</span> <span class='ocrx_word' id='word_1_41' title='bbox 1296 457 1341 514; x_wconf 85' lang='lat' dir='ltr'>si</span> <span class='ocrx_word' id='word_1_42' title='bbox 1364 454 1605 516; x_wconf 87' lang='lat' dir='ltr'>noluerit</span> <span class='ocrx_word' id='word_1_43' title='bbox 1629 477 1758 516; x_wconf 87' lang='lat' dir='ltr'>eum</span> <span class='ocrx_word' id='word_1_44' title='bbox 1782 454 1969 514; x_wconf 84' lang='lat' dir='ltr'>defen-</span> 
     </span>
     <span class='ocr_line' id='line_1_5' title="bbox 145 542 1993 640; baseline 0.003 -39"><span class='ocrx_word' id='word_1_45' title='bbox 145 542 310 615; x_wconf 87' lang='lat' dir='ltr'>dere,</span> <span class='ocrx_word' id='word_1_46' title='bbox 363 548 700 624; x_wconf 74' lang='lat' dir='ltr'>permittitur</span> <span class='ocrx_word' id='word_1_47' title='bbox 753 546 1121 607; x_wconf 83' lang='lat' dir='ltr'>creditoribus</span> <span class='ocrx_word' id='word_1_48' title='bbox 1178 568 1279 629; x_wconf 88' lang='lat' dir='ltr'>per</span> <span class='ocrx_word' id='word_1_49' title='bbox 1326 558 1701 631; x_wconf 70' lang='lat' dir='ltr'>competentes</span> <span class='ocrx_word' id='word_1_50' title='bbox 1748 556 1993 640; x_wconf 45' lang='lat' dir='ltr'>nostros·</span> 
     </span>
     <span class='ocr_line' id='line_1_6' title="bbox 141 637 1966 723; baseline 0.001 -26"><span class='ocrx_word' id='word_1_51' title='bbox 141 640 510 723; x_wconf 75' lang='lat' dir='ltr'>magistratus</span> <span class='ocrx_word' id='word_1_52' title='bbox 537 637 688 699; x_wconf 81' lang='lat' dir='ltr'>bona</span> <span class='ocrx_word' id='word_1_53' title='bbox 716 661 837 721; x_wconf 81' lang='lat' dir='ltr'>quoe</span> <span class='ocrx_word' id='word_1_54' title='bbox 866 644 986 722; x_wconf 90' lang='lat' dir='ltr'>ejus</span> <span class='ocrx_word' id='word_1_55' title='bbox 1013 662 1141 701; x_wconf 88' lang='lat' dir='ltr'>cum</span> <span class='ocrx_word' id='word_1_56' title='bbox 1175 642 1466 702; x_wconf 83' lang='lat' dir='ltr'>usufructu</span> <span class='ocrx_word' id='word_1_57' title='bbox 1496 642 1685 703; x_wconf 80' lang='lat' dir='ltr'>futura</span> <span class='ocrx_word' id='word_1_58' title='bbox 1712 642 1966 715; x_wconf 79' lang='lat' dir='ltr'>fuissent,</span> 
     </span>
     <span class='ocr_line' id='line_1_7' title="bbox 141 729 1967 815; baseline 0.003 -27"><span class='ocrx_word' id='word_1_59' title='bbox 141 732 194 789; x_wconf 86' lang='lat' dir='ltr'>si</span> <span class='ocrx_word' id='word_1_60' title='bbox 244 750 302 789; x_wconf 89' lang='lat' dir='ltr'>se</span> <span class='ocrx_word' id='word_1_61' title='bbox 345 729 529 790; x_wconf 79' lang='lat' dir='ltr'>alieno</span> <span class='ocrx_word' id='word_1_62' title='bbox 565 732 684 812; x_wconf 82' lang='lat' dir='ltr'>juri</span> <span class='ocrx_word' id='word_1_63' title='bbox 728 752 841 793; x_wconf 89' lang='lat' dir='ltr'>non</span> <span class='ocrx_word' id='word_1_64' title='bbox 893 734 1249 814; x_wconf 73' lang='lat' dir='ltr'>subjecisset,</span> <span class='ocrx_word' id='word_1_65' title='bbox 1294 734 1579 815; x_wconf 88' lang='lat' dir='ltr'>possidere</span> <span class='ocrx_word' id='word_1_66' title='bbox 1625 744 1680 793; x_wconf 90' lang='lat' dir='ltr'>et</span> <span class='ocrx_word' id='word_1_67' title='bbox 1718 734 1967 815; x_wconf 78' lang='lat' dir='ltr'>legitimo</span> 
     </span>
     <span class='ocr_line' id='line_1_8' title="bbox 139 824 759 909; baseline 0.005 -25"><span class='ocrx_word' id='word_1_68' title='bbox 139 824 320 885; x_wconf 88' lang='lat' dir='ltr'>modo</span> <span class='ocrx_word' id='word_1_69' title='bbox 349 846 416 885; x_wconf 82' lang='lat' dir='ltr'>eu</span> <span class='ocrx_word' id='word_1_70' title='bbox 443 824 759 909; x_wconf 75' lang='lat' dir='ltr'>disponere.</span> 
     </span>
    </p>
   </div>
   <div class='ocr_carea' id='block_1_3' title="bbox 273 2652 1847 2715">
    <p class='ocr_par' dir='ltr' id='par_1_3' title="bbox 273 2652 1847 2715">
     <span class='ocr_line' id='line_1_9' title="bbox 273 2652 1847 2715; baseline 0.001 -3"><span class='ocrx_word' id='word_1_71' title='bbox 273 2655 386 2715; x_wconf 82' lang='grc' dir='ltr'><strong>Τιτ.</strong></span> <span class='ocrx_word' id='word_1_72' title='bbox 420 2654 511 2713; x_wconf 74' lang='lat' dir='ltr'>XI.</span> <span class='ocrx_word' id='word_1_73' title='bbox 541 2652 624 2712; x_wconf 70' lang='lat' dir='ltr'>D:</span> <span class='ocrx_word' id='word_1_74' title='bbox 651 2668 718 2711; x_wconf 72' lang='lat' dir='ltr'>to</span> <span class='ocrx_word' id='word_1_75' title='bbox 745 2670 830 2713; x_wconf 75' lang='lat' dir='ltr'>cut</span> <span class='ocrx_word' id='word_1_76' title='bbox 855 2669 1144 2713; x_wconf 69' lang='lat' dir='ltr'>mamm-ns</span> <span class='ocrx_word' id='word_1_77' title='bbox 1168 2670 1327 2714; x_wconf 65' lang='lat' dir='ltr'>causa</span> <span class='ocrx_word' id='word_1_78' title='bbox 1348 2672 1482 2713; x_wconf 67' lang='lat' dir='ltr'>noua</span> <span class='ocrx_word' id='word_1_79' title='bbox 1510 2670 1847 2714; x_wconf 72' lang='lat' dir='ltr'>Annicvmun.</span> 
     </span>
    </p>
   </div>
   <div class='ocr_carea' id='block_1_4' title="bbox 133 2771 1981 3419">
    <p class='ocr_par' dir='ltr' id='par_1_4' title="bbox 133 2771 1981 3123">
     <span class='ocr_line' id='line_1_10' title="bbox 229 2771 1981 2832; baseline -0.002 0"><span class='ocrx_word' id='word_1_80' title='bbox 229 2774 478 2832; x_wconf 74' lang='lat' dir='ltr'>Accessit</span> <span class='ocrx_word' id='word_1_81' title='bbox 516 2790 694 2829; x_wconf 84' lang='lat' dir='ltr'>novus</span> <span class='ocrx_word' id='word_1_82' title='bbox 735 2790 898 2830; x_wconf 80' lang='lat' dir='ltr'>casus</span> <span class='ocrx_word' id='word_1_83' title='bbox 933 2772 1299 2830; x_wconf 84' lang='lat' dir='ltr'>successionis</span> <span class='ocrx_word' id='word_1_84' title='bbox 1340 2790 1407 2831; x_wconf 86' lang='lat' dir='ltr'>ex</span> <span class='ocrx_word' id='word_1_85' title='bbox 1443 2772 1835 2830; x_wconf 84' lang='lat' dir='ltr'>constitutione</span> <span class='ocrx_word' id='word_1_86' title='bbox 1864 2771 1981 2831; x_wconf 85' lang='lat' dir='ltr'>divi</span> 
     </span>
     <span class='ocr_line' id='line_1_11' title="bbox 133 2862 1973 2946; baseline -0.002 -17"><span class='ocrx_word' id='word_1_87' title='bbox 133 2869 328 2929; x_wconf 78' lang='lat' dir='ltr'>Marci</span> <span class='ocrx_word' id='word_1_88' title='bbox 358 2888 371 2924; x_wconf 75' lang='grc' dir='ltr'><strong><em>ε</em></strong></span> <span class='ocrx_word' id='word_1_89' title='bbox 407 2885 563 2937; x_wconf 77' lang='lat' dir='ltr'>nam,</span> <span class='ocrx_word' id='word_1_90' title='bbox 593 2866 641 2924; x_wconf 79' lang='lat' dir='ltr'>si</span> <span class='ocrx_word' id='word_1_91' title='bbox 669 2865 709 2923; x_wconf 90' lang='lat' dir='ltr'>ii</span> <span class='ocrx_word' id='word_1_92' title='bbox 737 2866 836 2946; x_wconf 90' lang='lat' dir='ltr'>qui</span> <span class='ocrx_word' id='word_1_93' title='bbox 862 2862 1183 2924; x_wconf 85' lang='lat' dir='ltr'>libertatem</span> <span class='ocrx_word' id='word_1_94' title='bbox 1214 2873 1603 2946; x_wconf 79' lang='lat' dir='ltr'>acceperunta</span> <span class='ocrx_word' id='word_1_95' title='bbox 1634 2864 1883 2939; x_wconf 86' lang='lat' dir='ltr'>domiuo,</span> <span class='ocrx_word' id='word_1_96' title='bbox 1914 2869 1973 2925; x_wconf 87' lang='lat' dir='ltr'>in</span> 
     </span>
     <span class='ocr_line' id='line_1_12' title="bbox 139 2957 1975 3039; baseline -0.002 -18"><span class='ocrx_word' id='word_1_97' title='bbox 139 2968 482 3021; x_wconf 82' lang='lat' dir='ltr'>testamento</span> <span class='ocrx_word' id='word_1_98' title='bbox 512 2978 580 3018; x_wconf 83' lang='lat' dir='ltr'>ex</span> <span class='ocrx_word' id='word_1_99' title='bbox 626 2978 738 3039; x_wconf 89' lang='lat' dir='ltr'>quo</span> <span class='ocrx_word' id='word_1_100' title='bbox 773 2978 892 3019; x_wconf 88' lang='lat' dir='ltr'>non</span> <span class='ocrx_word' id='word_1_101' title='bbox 928 2958 1112 3018; x_wconf 79' lang='lat' dir='ltr'>aditur</span> <span class='ocrx_word' id='word_1_102' title='bbox 1139 2957 1447 3030; x_wconf 80' lang='lat' dir='ltr'>hereditas,</span> <span class='ocrx_word' id='word_1_103' title='bbox 1478 2957 1649 3019; x_wconf 82' lang='lat' dir='ltr'>velint</span> <span class='ocrx_word' id='word_1_104' title='bbox 1686 2958 1841 3020; x_wconf 81' lang='lat' dir='ltr'>bona</span> <span class='ocrx_word' id='word_1_105' title='bbox 1868 2960 1975 3019; x_wconf 87' lang='lat' dir='ltr'>sibi</span> 
     </span>
     <span class='ocr_line' id='line_1_13' title="bbox 143 3050 1811 3123; baseline 0 -10"><span class='ocrx_word' id='word_1_106' title='bbox 143 3053 335 3113; x_wconf 82' lang='lat' dir='ltr'>addici</span> <span class='ocrx_word' id='word_1_107' title='bbox 356 3052 688 3112; x_wconf 76' lang='lat' dir='ltr'>libertatum</span> <span class='ocrx_word' id='word_1_108' title='bbox 716 3050 1229 3112; x_wconf 79' lang='lat' dir='ltr'>conservandarum</span> <span class='ocrx_word' id='word_1_109' title='bbox 1258 3071 1452 3123; x_wconf 81' lang='lat' dir='ltr'>causa,</span> <span class='ocrx_word' id='word_1_110' title='bbox 1484 3050 1811 3113; x_wconf 83' lang='lat' dir='ltr'>audiuntur.</span> 
     </span>
    </p>

    <p class='ocr_par' dir='ltr' id='par_1_5' title="bbox 151 3144 1976 3419">
     <span class='ocr_line' id='line_1_14' title="bbox 243 3144 1976 3227; baseline -0.002 -18"><span class='ocrx_word' id='word_1_111' title='bbox 243 3158 304 3209; x_wconf 87' lang='grc' dir='ltr'>Ι.</span> <span class='ocrx_word' id='word_1_112' title='bbox 337 3148 406 3207; x_wconf 86' lang='lat' dir='ltr'>Et</span> <span class='ocrx_word' id='word_1_113' title='bbox 434 3148 512 3207; x_wconf 81' lang='lat' dir='ltr'>ita</span> <span class='ocrx_word' id='word_1_114' title='bbox 541 3148 810 3226; x_wconf 88' lang='lat' dir='ltr'>rescripto</span> <span class='ocrx_word' id='word_1_115' title='bbox 837 3144 949 3204; x_wconf 86' lang='lat' dir='ltr'>divi</span> <span class='ocrx_word' id='word_1_116' title='bbox 974 3144 1152 3205; x_wconf 80' lang='lat' dir='ltr'>Marci</span> <span class='ocrx_word' id='word_1_117' title='bbox 1178 3144 1245 3204; x_wconf 81' lang='lat' dir='ltr'>ud</span> <span class='ocrx_word' id='word_1_118' title='bbox 1270 3144 1558 3227; x_wconf 77' lang='lat' dir='ltr'>Popilium</span> <span class='ocrx_word' id='word_1_119' title='bbox 1594 3146 1808 3206; x_wconf 86' lang='lat' dir='ltr'>Rufum</span> <span class='ocrx_word' id='word_1_120' title='bbox 1836 3165 1976 3206; x_wconf 89' lang='lat' dir='ltr'>con-</span> 
     </span>
     <span class='ocr_line' id='line_1_15' title="bbox 151 3237 1973 3321; baseline -0.002 -20"><span class='ocrx_word' id='word_1_121' title='bbox 151 3244 378 3303; x_wconf 84' lang='lat' dir='ltr'>tinetur.</span> <span class='ocrx_word' id='word_1_122' title='bbox 411 3240 599 3301; x_wconf 80' lang='lat' dir='ltr'>Verba</span> <span class='ocrx_word' id='word_1_123' title='bbox 634 3242 888 3321; x_wconf 85' lang='lat' dir='ltr'>rescripti</span> <span class='ocrx_word' id='word_1_124' title='bbox 926 3243 1004 3299; x_wconf 80' lang='lat' dir='ltr'>ita</span> <span class='ocrx_word' id='word_1_125' title='bbox 1038 3260 1098 3299; x_wconf 82' lang='lat' dir='ltr'>se</span> <span class='ocrx_word' id='word_1_126' title='bbox 1131 3237 1346 3299; x_wconf 79' lang='lat' dir='ltr'>habent</span> <span class='ocrx_word' id='word_1_127' title='bbox 1376 3263 1388 3300; x_wconf 88' lang='lat'><strong>:</strong></span> <span class='ocrx_word' id='word_1_128' title='bbox 1437 3266 1461 3293; x_wconf 76' lang='grc' dir='ltr'><strong>α</strong></span> <span class='ocrx_word' id='word_1_129' title='bbox 1490 3240 1547 3299; x_wconf 89' lang='lat' dir='ltr'>Si</span> <span class='ocrx_word' id='word_1_130' title='bbox 1582 3242 1837 3319; x_wconf 75' lang='lat' dir='ltr'>Uirginio</span> <span class='ocrx_word' id='word_1_131' title='bbox 1864 3240 1973 3297; x_wconf 81' lang='lat' dir='ltr'>Vu-</span> 
     </span>
     <span class='ocr_line' id='line_1_16' title="bbox 153 3330 1975 3419; baseline -0.005 -24"><span class='ocrx_word' id='word_1_132' title='bbox 153 3336 318 3406; x_wconf 82' lang='lat' dir='ltr'>lenti‚</span> <span class='ocrx_word' id='word_1_133' title='bbox 349 3336 446 3419; x_wconf 85' lang='lat' dir='ltr'>qui</span> <span class='ocrx_word' id='word_1_134' title='bbox 467 3342 800 3395; x_wconf 73' lang='lat' dir='ltr'>testamento</span> <span class='ocrx_word' id='word_1_135' title='bbox 827 3352 929 3393; x_wconf 80' lang='lat' dir='ltr'>suo</span> <span class='ocrx_word' id='word_1_136' title='bbox 955 3332 1270 3393; x_wconf 78' lang='lat' dir='ltr'>libertatem</span> <span class='ocrx_word' id='word_1_137' title='bbox 1294 3330 1633 3415; x_wconf 82' lang='lat' dir='ltr'>quibusdam</span> <span class='ocrx_word' id='word_1_138' title='bbox 1663 3332 1975 3413; x_wconf 73' lang='lat' dir='ltr'>adscripsit,</span> 
     </span>
    </p>
   </div>
  </div>
 </body>
</html>
