2292 3684
314 122 384 177 22
555 134 673 177 cmx
701 137 846 178 ms‘r.
887 137 938 178 e.
965 137 1016 191 1,
1055 121 1118 194 ἓξ
1141 123 1195 192 ¹7,
1230 125 1285 178 8.
1325 135 1397 176 nn
1424 134 1903 177 sums-nlvxsxoun.

316 255 516 318 eonfum
542 235 751 319 quibua
790 239 1129 318 permissum
1162 246 1247 298 eat
1265 240 1403 319 jura
1434 236 1678 298 condere
1707 259 1722 297 ε
1753 255 2007 318 quorum
2040 256 2209 297 om-

315 332 478 390 nium
506 333 554 390 ai
585 333 644 390 in
676 352 857 392 unum
899 334 1187 392 sententiae
1214 338 1582 402 concurrant,
1626 330 1684 390 id
1724 330 1878 412 quod
1911 332 2000 390 ita
2043 351 2209 391 aen-

317 424 462 483 fiunt
490 423 630 505 legis
665 427 844 485 vicem
874 425 1112 496 obtinet;
1157 427 1206 485 si
1245 444 1377 485 vero
1420 423 1784 495 dissentiunt,
1809 423 1992 503 judici
2044 422 2211 484 licet

318 537 492 598 quam
521 516 654 577 velit
679 519 1016 579 sententiam
1044 519 1225 600 sequi,
1255 518 1426 600 idque
1451 519 1725 600 rescripto
1752 515 1866 578 divi
1886 515 2204 578 Hadriani

319 611 684 692 significatur.

702 791 961 854 sumnus,
989 789 1081 842 ub.
1103 791 1239 842 XCI
1245 791 1288 842 V
1306 789 1645 854 Diae-storum
1668 787 1761 854 (ι).

383 894 460 944 De
484 893 668 958 quibua
685 896 854 946 eausis
881 894 1082 960 seriptis
1097 895 1291 959 legibue
1306 907 1409 947 non
1430 894 1623 946 utimur
1636 932 1651 958 ,
1672 891 1727 945 id
1742 891 1996 945 custodiri
2018 905 2187 959 opor-

317 973 418 1038 tot,
441 974 578 1039 quod
603 975 830 1030 moribus
857 979 910 1028 et
931 977 1293 1030 consuetudine
1319 976 1583 1028 inductum
1608 977 1717 1038 θεῖς
1750 976 1804 1028 et
1837 977 1879 1027 ai
1902 989 2006 1040 qua
2028 975 2087 1026 in
2116 989 2185 1027 re

318 1055 416 1106 hoc
440 1055 700 1120 defioeret,
731 1059 853 1110 tunc
881 1057 1018 1122 qnod
1048 1057 1339 1123 proximum
1372 1059 1424 1108 et
1448 1069 1760 1122 consequens
1788 1055 1837 1107 ei
1864 1058 1943 1107 eat
1954 1073 1972 1120 ;
1996 1055 2043 1106 si
2074 1069 2183 1106 nec

317 1132 372 1183 id
397 1133 602 1199 quidem
638 1135 909 1200 appareat,
941 1139 1065 1187 tuno
1091 1136 1207 1200 ius,
1244 1148 1346 1198 quo
1378 1134 1502 1186 urba
1544 1137 1701 1186 Roma
1740 1134 1932 1199 utitur,
1970 1134 2181 1185 aervari

319 1215 534 1279 oportet.
551 1241 619 1252 —
642 1216 924 1269 Inveterata
943 1215 1251 1267 consuetudo
1278 1228 1368 1280 pro
1392 1215 1503 1280 lege
1529 1228 1628 1266 non
1656 1213 1908 1266 immerito
1933 1214 2177 1265 custodi-

319 1293 432 1356 tur,
473 1297 525 1346 et
553 1294 649 1345 hoo
689 1296 766 1346 est
808 1293 892 1358 ius
909 1331 926 1358 ,
959 1296 1092 1360 quod
1144 1295 1330 1347 dicitur
1370 1295 1597 1346 moribus
1638 1295 1992 1346 constitutum.
2033 1295 2174 1344 Nam

319 1385 478 1435 quum
492 1371 616 1436 ipsae
629 1373 764 1437 leges
783 1374 924 1424 nulla
937 1375 1034 1426 alia
1051 1388 1114 1425 ex
1131 1387 1285 1426 eausa
1304 1388 1396 1425 noa
1412 1375 1637 1438 teneant,
1652 1387 1803 1438 quam
1818 1373 1954 1437 quod
1968 1371 2172 1436 judicio

315 1451 485 1514 populi
513 1454 725 1516 reoeplae
750 1453 896 1517 aunt,
921 1454 1101 1505 merito
1121 1454 1174 1504 et
1200 1467 1286 1514 ea,
1317 1466 1430 1516 qnae
1454 1453 1567 1503 aine
1594 1453 1701 1503 ullo
1728 1453 1914 1516 sorfipto
1940 1451 2170 1516 populus

315 1532 575 1596 probavit,
607 1533 853 1585 tenebunt
875 1547 1080 1598 omnes;
1105 1547 1224 1584 nam
1260 1533 1382 1598 quid
1408 1533 1649 1596 intereat,
1678 1533 1919 1596 suffragio
1942 1533 2167 1598 populus

316 1613 627 1663 voluntatem
649 1625 795 1663 suam
821 1612 1073 1679 declaret,
1101 1625 1166 1664 an
1190 1612 1341 1663 rebus
1366 1611 1487 1677 ipsis
1508 1614 1563 1664 et
1584 1613 1761 1664 factis?
1788 1615 1951 1670 Quare
1985 1613 2165 1664 rectis-

316 1693 442 1744 sime
459 1693 608 1744 etiam
631 1692 759 1744 illud
779 1696 1032 1756 reoeptum
1055 1695 1160 1758 est,
1188 1694 1247 1743 ut
1269 1691 1405 1756 leges
1429 1706 1531 1743 non
1558 1694 1725 1743 solum
1743 1691 1985 1758 suffragio
2012 1692 2165 1755 legia-

315 1773 489 1824 latoris
507 1810 522 1836 ,
559 1773 650 1825 sed
693 1775 844 1825 etiam
881 1773 1034 1824 tacito
1073 1787 1325 1825 consensu
1372 1773 1602 1837 emnium
1646 1787 1735 1838 per
1773 1771 2157 1827 desuetudinem

319 1853 640 1919 abrogentur.

582 2063 1017 2129 Hmmocnmmus,
1047 2063 1138 2115 lib.
1165 2067 1203 2114 I
1220 2065 1373 2115 Juris
1402 2064 1777 2128 epitomarum
1802 2061 1895 2130 (2).

385 2169 482 2221 Sed
511 2168 566 2220 et
600 2183 688 2234 ea,
721 2184 834 2234 quae
869 2170 1017 2234 longa
1043 2169 1404 2222 eonsuetudine
1446 2169 1771 2234 comprobata
1808 2169 1958 2233 sunt,
1982 2182 2037 2220 ac
2063 2183 2149 2234 per

317 2261 474 2298 annos
493 2249 732 2311 plurimos
748 2247 1044 2312 observata,
1069 2248 1213 2300 velut
1238 2249 1392 2300 tacita
1414 2249 1604 2300 civium
1624 2249 1914 2315 conventio,
1932 2262 2031 2301 non
2053 2248 2146 2300 mi·-

319 2341 444 2392 nus,
471 2338 624 2391 quam
651 2341 711 2379 ea
731 2339 844 2393 quae
878 2329 1065 2392 scripta
1087 2330 1209 2380 eunt
1227 2329 1372 2392 iura,
1402 2329 1685 2381 servantur.

914 2475 982 2540 11.
1013 2475 1094 2536 Da
1119 2495 1263 2538 mma
1288 2495 1569 2540 nnnsloxn.

397 2600 466 2652 8.
500 2590 681 2652 Omne
709 2600 897 2652 autem
919 2593 1016 2672 jus
1044 2613 1157 2675 quo
1192 2595 1422 2671 utimur,
1454 2595 1543 2655 vel
1576 2593 1651 2654 ad
1678 2614 1948 2678 personas
1975 2597 2138 2678 perti-

318 2691 440 2756 net,
471 2681 559 2792 vel
587 2683 660 2744 ad
695 2704 814 2758 res,
854 2684 942 2744 vel
979 2684 1051 2745 ad
1093 2689 1339 2748 actiones
1384 2709 1400 2748 ι
1436 2687 1536 2750 aed
1569 2689 1729 2770 priua
1766 2688 2044 2750 videamus
2074 2688 2137 2748 de

318 2795 592 2856 personna.
1878 2789 1893 2806 ⁰

573 2912 1018 2977 Hmnooamxms,
1051 2912 1146 2966 lib.
1170 2917 1207 2966 Ι
1224 2916 1374 2967 Iuris
1392 2917 1773 2984 Epicomarum
1789 2912 1898 2983 ·(a).

385 3017 554 3075 Quum
587 3014 740 3079 igitur
768 3015 1031 3067 hominum
1057 3030 1211 3068 causa
1240 3029 1389 3069 omne
1412 3017 1495 3080 ius
1518 3018 1852 3071 constitutum
1876 3016 1969 3081 ait,
1988 3015 2129 3082 primo

381 3185 452 3248 (l)
475 3187 523 3234 L.
554 3190 631 3244 32,
662 3201 756 3248 pn,
787 3189 818 3246 s
852 3191 892 3244 Ι,
918 3188 1002 3244 D„
1026 3187 1096 3236 De
1115 3187 1305 3252 leqibus,
1335 3190 1737 3238 senatusconsultis
1757 3200 1801 3238 et
1820 3189 1951 3253 longa
1970 3203 2129 3236 consue-

321 3249 478 3294 tudine
501 3251 560 3312 (1,
589 3252 659 3314 3).
677 3275 742 3286 -
763 3251 837 3312 (2)
865 3253 918 3300 L.
950 3254 1030 3309 35,
1059 3250 1144 3311 D„
1174 3261 1234 3302 De
1264 3250 1435 3317 leqibue
1469 3252 1524 3316 (Ι,
1552 3251 1607 3316 3)
1628 3277 1688 3290 -
1715 3253 1784 3316 (3)
1816 3254 1870 3302 L.
1904 3256 1949 3308 2,
1974 3251 2043 3309 D..
2066 3251 2129 3300 De

319 3318 446 3357 statu
471 3309 706 3360 hominum
732 3317 786 3376 (ι,
814 3314 886 3377 5).
