2292 3684
268 162 428 205 ius-r.
455 163 602 206 msr.
641 163 697 204 ι,
729 163 779 216 ι,
819 161 930 204 'ri-r.
959 161 1044 203 ιιι.
1083 161 1159 203 na
1190 159 1327 202 suan
1352 160 1741 205 musonium.
1861 151 1929 206 23

86 285 288 325 eorum
329 264 538 346 quibus
581 266 922 345 permissum
964 271 1089 325 erat
1117 267 1255 345 jura
1294 263 1557 324 condere.
1595 266 1741 324 Nam
1780 268 1931 325 anti-

83 360 274 439 quitus
293 359 618 418 institutum
644 365 782 429 erat,
816 367 877 417 ut
905 367 1088 416 essent
1114 357 1213 437 qui
1236 358 1370 436 jura
1399 357 1627 436 publice
1654 360 1931 438 interpre-

81 463 377 527 tarentur,
403 454 610 535 quibus
635 473 669 512 a
697 453 912 513 Coesare
935 453 1030 532 jus
1058 451 1439 531 respondendi
1466 452 1664 512 datum
1692 461 1801 526 est,
1831 455 1929 534 qui

75 545 474 626 jurisconsulti
501 545 937 627 appellabantur
961 567 974 602 z
1007 565 1255 626 quorum
1284 547 1543 606 omnium
1566 551 1851 606 sententiae
1876 555 1931 607 et

81 642 388 720 opiniones
415 659 542 700 eam
569 642 958 700 auctoritatem
987 639 1287 710 tenebant,
1318 645 1381 697 ut
1401 637 1579 719 judici
1606 639 1867 700 recedere
1895 660 1930 699 a

77 754 362 814 responso
386 754 585 794 eorum
612 754 730 794 non
756 732 979 805 liceret,
1009 739 1072 792 ut
1089 741 1174 792 est
1198 735 1580 793 constitutum.

158 839 234 888 9.
283 829 370 888 Ex
395 849 513 889 non
550 829 757 909 scripto
780 829 876 909 jus
917 829 1098 900 venit,
1129 826 1281 907 quod
1312 847 1447 886 usus
1487 826 1879 908 comprobavit
1911 849 1925 890 ε

78 944 220 983 nam
241 923 501 984 diuturni
527 941 716 985 mores
743 942 1024 984 consensu
1053 923 1333 982 utentium
1360 920 1719 1002 comprobati
1746 922 1928 1004 legem

81 1019 406 1078 imitantur.

161 1121 280 1172 lo.
328 1111 398 1170 Et
419 1128 536 1169 non
565 1108 914 1191 ineleganter
934 1110 993 1168 in
1029 1108 1169 1168 duas
1191 1111 1403 1189 species
1420 1111 1519 1191 jus
1544 1107 1704 1170 civile
1730 1110 1931 1171 distri-

75 1202 288 1263 butum
312 1201 560 1274 videtui-3
583 1223 718 1263 num
745 1205 905 1284 origo
934 1203 1056 1282 ejus
1085 1201 1159 1261 ab
1182 1203 1449 1263 institutis
1472 1201 1716 1263 duarum
1736 1204 1929 1264 civita-

76 1305 221 1370 tum,
254 1297 614 1358 Athenarum
643 1296 854 1358 scilicet
882 1306 935 1358 et
963 1296 1397 1371 Lacedoemonis,
1428 1297 1658 1358 fluxisse
1685 1297 1922 1358 videtur.

79 1392 146 1448 ln
175 1391 267 1449 his
288 1392 441 1448 enim
469 1389 787 1450 civitatibus
810 1389 886 1448 ita
916 1391 1007 1469 agi
1031 1388 1260 1448 solitum
1281 1397 1420 1463 erat,
1439 1399 1501 1450 ut
1523 1389 1929 1450 Lacedaemonii

85 1483 319 1562 quidem
350 1484 531 1564 magis
561 1502 629 1542 ea
661 1502 785 1562 quoe
827 1501 932 1561 pro
965 1479 1186 1562 legibus
1216 1480 1613 1556 observarent,
1643 1484 1929 1542 memoriae

83 1575 451 1647 mandarent3
485 1573 856 1640 Athenienses
897 1593 1030 1633 vero
1077 1593 1141 1634 ea
1182 1594 1305 1654 quae
1353 1575 1412 1633 in
1454 1572 1677 1656 legibus
1719 1577 1929 1654 scripta

85 1666 679 1748 comprehendissent,
712 1664 1078 1726 custodirent.

169 1774 285 1824 11.
333 1762 442 1823 Sed
469 1760 752 1822 naturalia
779 1759 1008 1841 quidem
1023 1761 1161 1839 jura
1188 1781 1315 1841 quae
1334 1759 1487 1840 apud
1515 1779 1711 1821 omnes
1740 1767 1932 1842 gentes

87 1875 350 1938 peraeque
373 1865 693 1928 servantur,
725 1854 916 1913 divina
949 1854 1197 1935 quadam
1226 1855 1581 1935 providentia
1607 1857 1927 1928 constituta,

84 1971 314 2031 semper
342 1947 510 2008 firma
539 1958 709 2030 atque
745 1945 1127 2009 immutabilia
1151 1957 1516 2028 permanent;
1550 1969 1615 2008 ea
1644 1969 1777 2009 vero
1808 1967 1932 2029 quoe

85 2046 206 2124 ipsa
235 2042 348 2103 sihi
367 2063 606 2124 quaeque
625 2043 820 2102 civitas
846 2043 1161 2116 constituit,
1193 2061 1341 2121 saepe
1366 2045 1575 2103 mutari
1605 2042 1813 2118 solent,
1842 2040 1931 2102 vel

83 2141 252 2199 tacito
281 2158 564 2199 consensu
591 2136 819 2218 populi,
852 2134 939 2196 vel
965 2134 1078 2195 alia
1104 2145 1299 2216 postea
1324 2136 1449 2218 lege
1474 2135 1604 2198 lata.

551 2546 663 2607 Τιτ.
703 2546 797 2607 111.
824 2504 924 2606 ⁸Dia:
959 2565 1088 2609 :mm
1125 2565 1477 2610 mosomum.

168 2664 350 2724 Omne
378 2673 569 2725 autem
600 2667 695 2745 jus
727 2685 840 2746 quo
869 2666 1081 2724 utimur
1107 2664 1196 2724 vel
1239 2665 1310 2724 ad
1347 2683 1619 2745 personas
1649 2666 1925 2744 pertinet,

92 2756 175 2817 vel
200 2757 271 2818 ad
301 2778 412 2831 res,
441 2757 533 2818 vel
556 2757 629 2817 ad
657 2759 920 2818 actiones.
947 2759 1014 2817 Et
1042 2760 1199 2838 prius
1224 2756 1293 2818 de
1323 2760 1578 2840 personis
1605 2758 1921 2818 videamus:

91 2873 218 2913 nam
251 2873 461 2933 parum
488 2862 571 2912 est
593 2854 692 2932 jus
719 2872 908 2926 nosse,
940 2853 989 2912 si
1015 2872 1289 2932 personae,
1322 2873 1565 2934 quarum
1595 2873 1767 2914 causa
1793 2873 1929 2915 con-

91 2950 345 3008 stitutum
374 2955 488 3024 cst,
523 2948 876 3028 ignorentur.
