2292 3684
138 182 299 225 :us-r.
335 181 474 227 uss-r.
514 182 568 227 1..
600 183 641 240 1,
681 184 735 229 r.
764 184 899 233 xxv,
936 184 1009 232 uu
1035 182 1302 233 excusa-r.
1333 183 1463 231 rur.
1492 182 1602 225 vm.
1627 184 1750 227 cua.
1817 170 1920 228 ⁴23

158 410 232 459 1.
276 400 418 461 Item
455 400 617 460 divus
654 401 883 462 Marcus
910 404 969 461 in
999 401 1407 463 semenstribus
1430 403 1748 483 rescripsit,
1791 422 1922 463 eum

59 494 173 573 qui
208 512 305 553 res
335 492 459 553 fisci
485 493 873 569 administrat,
897 514 931 556 a
951 494 1126 556 tutela
1145 495 1236 556 vel
1256 516 1419 570 cura,
1442 495 1712 578 quamdiu
1742 494 1923 556 admi-

60 588 321 660 nistrat,
354 590 610 648 excusari
637 607 823 670 posse.

154 740 233 789 ².
267 728 412 789 Item
442 731 543 810 qui
566 727 893 811 reipublicae
920 750 1090 790 eausa
1118 729 1353 804 absunt,
1389 750 1424 789 a
1457 730 1634 792 tutela
1667 728 1755 791 vel
1790 750 1928 791 cura

70 830 452 883 excusantur.
482 821 589 883 Sed
620 830 675 881 et
703 823 753 881 si
777 822 991 881 fuerint
1016 830 1230 884 tutores
1261 821 1348 883 vel
1376 831 1695 896 curatores,
1726 822 1929 883 deinde

70 914 417 995 reipublicae
438 936 610 975 eausa
636 914 833 976 abesse
860 918 1154 997 coeperint‚
1189 938 1224 977 a
1251 915 1424 977 tutela
1458 916 1549 979 vel
1584 938 1720 979 cura
1747 938 1929 978 excu-

68 1017 321 1083 santur,
376 1019 657 1091 quatenus
708 1010 1034 1093 reipublicae
1080 1031 1252 1072 eausa
1305 1010 1545 1087 absunt,
1603 1021 1658 1073 et
1711 1014 1928 1073 interea

67 1112 319 1163 curator
341 1103 467 1166 loco
494 1125 693 1167 eorum
719 1104 903 1169 datur.
938 1106 1047 1179 Qui
1068 1107 1115 1165 si
1144 1109 1354 1167 reversi
1379 1106 1616 1189 fuerint,
1647 1108 1929 1187 recipiunt

66 1216 227 1255 onus
256 1196 449 1257 tntelae
482 1220 496 1256 ι
526 1218 664 1258 nam
691 1218 797 1259 nec
825 1199 962 1257 anni
1000 1195 1215 1257 habent
1248 1200 1623 1273 vacationem,
1657 1209 1721 1259 ut
1757 1200 1928 1281 Papi-

68 1292 293 1351 nianus
350 1289 501 1351 libro
555 1292 755 1373 quinto
810 1311 1215 1373 responsorum
1271 1295 1588 1376 rescripsit3
1639 1313 1776 1354 nam
1820 1293 1940 1374 hoc,

73 1388 341 1465 spatium
368 1384 584 1446 habent
606 1384 678 1445 ad
706 1406 879 1447 novas
910 1386 1111 1446 tutelas
1138 1393 1336 1449 vocati.

163 1488 230 1537 3.
263 1478 337 1537 Et
364 1479 465 1558 qui
494 1485 825 1559 potestatem
850 1478 1066 1538 habent
1100 1479 1350 1561 aliquam
1369 1526 1384 1554 ,
1416 1500 1476 1542 se
1499 1500 1766 1541 excusare
1794 1502 1928 1561 pos-

74 1578 251 1643 sunt,
301 1576 371 1629 ut
412 1570 573 1658 divus
617 1572 845 1633 Marcus
887 1572 1212 1653 rescripsit3
1263 1573 1358 1635 sed
1406 1583 1648 1657 coeptam
1692 1574 1926 1640 tutelam

72 1666 349 1731 deserere
378 1686 495 1731 uon
525 1676 777 1751 possunt.

160 2152 235 2203 4.
280 2140 426 2201 Item
471 2148 707 2225 propter
748 2140 906 2201 litem
946 2158 1119 2221 quam
1168 2159 1298 2199 eum
1345 2136 1564 2220 pupillo
1613 2136 1699 2197 vel
1739 2136 1928 2199 adulto

73 2246 239 2297 tutor
266 2236 359 2297 vel
378 2245 603 2297 curator
622 2234 820 2310 habet,
844 2254 1111 2295 excusare
1140 2254 1202 2295 se
1226 2252 1394 2293 nemo
1411 2241 1618 2314 potest,
1647 2235 1758 2292 nisi
1781 2234 1929 2295 forte

76 2332 155 2392 de
184 2330 463 2392 omnihus
488 2331 655 2392 bonis
682 2330 772 2391 vel
798 2330 1106 2392 hereditate
1135 2330 1515 2390 controversia
1552 2330 1622 2387 sit
1653 2329 1763 2408 (l).

164 2438 237 2486 5.
272 2425 417 2485 Item
444 2427 555 2484 tria
582 2445 756 2485 onera
788 2422 973 2485 tuteloe
1005 2442 1121 2483 non
1150 2420 1436 2482 adfectatoe
1463 2420 1552 2483 vel
1579 2442 1727 2483 curae
1757 2442 1930 2503 praes-

78 2529 207 2581 tant
230 2522 611 2594 vacationem,
643 2519 915 2602 quamdiu
942 2518 1413 2579 administrantur
1446 2539 1458 2575 :
1489 2526 1551 2576 ut
1576 2525 1768 2577 tamen
1795 2515 1931 2598 plu-

82 2618 241 2675 rium
288 2614 641 2697 pupillorum
677 2614 882 2687 tutela,
919 2613 1011 2674 vel
1049 2633 1187 2674 eura
1231 2610 1562 2673 eorumdem
1608 2609 1926 2687 bonorum,

87 2708 261 2769 veluti
290 2710 534 2769 fratrum
553 2754 567 2778 ‚
599 2728 707 2790 pro
734 2727 850 2768 una
877 2714 1256 2788 computetur.

171 2816 235 2866 Β.
268 2804 381 2863 Sed
407 2812 463 2863 et
488 2810 726 2885 propter
751 2811 1147 2885 paupertatem
1175 2802 1594 2862 exeusationem
1611 2798 1785 2861 tribui
1811 2808 1930 2863 tam

92 2898 201 2957 divi
240 2898 447 2958 fratres
476 2916 647 2976 quam
676 2917 779 2978 per
806 2916 866 2957 se
895 2897 1055 2956 divus
1092 2896 1316 2957 Marcus
1354 2896 1666 2977 rescripsit,
1714 2896 1762 2955 si
1805 2898 1931 2977 quis

94 2978 371 3071 imparem
398 3010 459 3051 se
488 2994 649 3051 oneri
674 2993 933 3073 injuncto
963 2992 1141 3072 possit
1169 2988 1388 3051 docere.

175 3098 234 3147 v.
266 3087 405 3145 Item
438 3093 677 3167 propter
716 3084 1011 3148 adversam
1047 3084 1424 3146 valetudinem
1443 3128 1458 3158 ,
1490 3093 1721 3167 propter
1753 3107 1927 3167 quam

158 3262 220 3323 (1)
245 3285 263 3305 c
285 3262 617 3323 volumus....‚
638 3266 673 3312 si
701 3266 805 3330 quis
834 3264 1093 3329 obligatum
1120 3264 1340 3312 habuerit
1365 3267 1594 3311 minorem
1615 3278 1693 3311 aut
1713 3267 1812 3329 ejus
1830 3284 1903 3313 res
1918 3298 1933 3319 ,

96 3322 217 3370 bunc
238 3342 331 3373 non
360 3330 556 3375 omnino
579 3328 639 3375 ad
655 3332 941 3375 curationem
970 3328 1097 3391 ejus,
1119 3328 1190 3375 vel
1219 3330 1256 3374 si
1282 3344 1309 3375 a
1345 3327 1520 3389 iegibus
1553 3338 1745 3374 vocetur
1761 3362 1774 3386 ,
1799 3344 1932 3376 acce·

101 3386 219 3438 dere.
245 3410 265 3431 ι
298 3394 417 3441 Νου.
452 3394 533 3449 72,
559 3407 656 3454 cap.
690 3397 729 3440 1.
