2292 3684
372 184 527 226 ποετ.
558 186 701 230 rus-r.
742 188 797 230 ι.
830 189 871 244 1,
912 190 967 230 τ.
994 188 1164 229 xxm.
1207 186 1280 229 ns
1302 188 1697 231 communius.
1851 176 1954 232 ⁴⁴7

114 302 249 343 nem
297 282 539 358 dederit,
591 286 841 368 legitime
885 298 1105 350 tuntum
1154 288 1330 350 tutele
1369 292 1541 371 perit;
1594 299 1790 352 ceterae
1837 272 1976 352 non⁰

112 387 377 459 pereunt.
434 379 545 439 Sed
586 380 790 462 pupilli
823 390 879 443 et
917 382 1145 464 pupilloe
1197 385 1397 466 cepitis
1437 385 1780 461 deminutio,
1829 386 1956 447 licet

114 474 363 533 minime
390 476 487 545 sit,
519 495 717 536 omnes
739 474 942 538 tutelas
964 475 1129 537 tollit.

198 578 265 628 ὅ.
298 568 601 641 Praeterea,
640 572 737 651 qui
772 571 844 630 sd
880 579 1096 631 certum
1127 579 1351 655 tempus
1385 580 1718 635 testamento
1753 575 1960 636 dantur

114 668 365 733 tutores,
396 660 557 723 finito
585 684 651 723 eo
676 664 967 745 deponunt
992 664 1247 726 tutelam.
1535 682 1545 695 ·

198 767 270 816 θ.
312 756 590 817 Desinunt
616 766 807 817 sutem
834 765 1045 820 tutores
1080 779 1230 833 esse,
1272 763 1372 842 qui
1405 760 1494 822 vel
1529 769 1891 824 remorentur
1927 784 1962 823 e,

117 846 297 908 tutele
321 847 400 908 ob
416 849 477 909 id
502 850 655 931 quod
680 852 925 934 suspecti
945 852 1051 911 visi
1077 862 1238 925 sunt,
1271 852 1358 921 vel
1385 873 1454 914 ex
1474 856 1628 935 justu
1655 876 1824 917 cause
1843 876 1964 917 sese

118 951 397 1005 excusant
431 954 487 1005 et
517 964 663 1006 onus
692 944 1150 1006 administrandae
1185 946 1368 1009 tuteloe
1403 948 1724 1029 deponunt,
1761 971 1962 1013 secun-

114 1036 263 1099 dum
286 1058 357 1100 eu
383 1059 508 1122 quse
532 1039 771 1101 inferius
798 1060 1204 1121 proponemus.

614 1195 745 1265 Tm,
759 1195 947 1257 xxm.
981 1195 1065 1257 De
1088 1210 1476 1259 consumimus.

200 1321 451 1383 musculi
476 1321 719 1403 puberes
747 1332 801 1383 et
829 1323 1055 1384 feminee
1082 1323 1444 1402 viripotentes
1471 1343 1652 1404 usqne
1679 1324 1752 1384 sd
1779 1326 1970 1385 vicesi-

124 1434 291 1475 mum
317 1418 582 1497 quintum
612 1435 826 1476 annum
857 1414 1203 1497 completum
1227 1424 1516 1476 curatores
1533 1417 1846 1497 accipiunt3
1872 1419 1970 1499 qui

126 1506 263 1568 licet
300 1508 549 1590 puberes
584 1511 727 1584 sint,
769 1508 955 1570 adhuc
991 1518 1184 1569 tumen
1222 1508 1345 1590 ejus
1381 1510 1555 1570 aetatis
1590 1518 1720 1571 sunt
1761 1518 1826 1571 ut
1868 1529 1974 1571 sua

124 1604 361 1683 negotiu
388 1604 535 1663 tueri
561 1622 678 1662 non
705 1604 939 1684 possint.

214 1706 255 1755 1
271 1739 284 1753 .
318 1696 545 1756 Dantur
570 1706 757 1757 sutem
786 1704 1075 1759 curatores
1104 1694 1180 1755 ab
1211 1693 1412 1755 iisdem
1449 1694 1876 1777 magistratibus
1891 1742 1905 1770 ,
1940 1718 1974 1757 u

129 1789 348 1869 quibu·
382 1798 437 1851 et
460 1799 688 1852 tutores.
733 1791 840 1852 Sed
874 1798 1103 1851 curator
1128 1798 1464 1861 testamento
1491 1810 1610 1849 non
1640 1790 1834 1866 datur,
1874 1790 1970 1852 sed

128 1883 299 1943 dutus
324 1884 699 1945 confirmetur
722 1884 943 1944 decreto
971 1885 1226 1965 proetoris
1255 1881 1344 1941 vel
1370 1882 1644 1963 praesidis.

212 1988 283 2037 D.
335 1979 479 2037 Item
522 1978 683 2037 inviti
729 1976 1107 2037 adolescentes
1156 1984 1442 2037 curatores
1490 1996 1605 2036 non
1657 1978 1971 2058 accipiunt,

124 2078 519 2153 proeterquum
548 2073 610 2131 in
638 2071 819 2144 litem;
853 2080 1081 2133 curator
1112 2072 1269 2130 enim
1299 2078 1354 2129 et
1393 2070 1464 2130 nd
1501 2079 1713 2131 certam
1747 2090 1972 2131 causum

122 2166 259 2225 duri
282 2173 487 2247 potest.

210 2269 289 2320 8.
340 2259 563 2318 Furiosi
610 2278 835 2341 quoque
880 2266 934 2318 et
980 2257 1237 2339 prodigi,
1299 2256 1428 2317 licet
1479 2259 1726 2338 maiores
1781 2259 1976 2339 viginti

128 2353 401 2433 quinque
433 2352 599 2411 aunis
622 2353 767 2422 sint,
812 2358 1002 2411 temen
1030 2350 1091 2409 in
1120 2350 1412 2411 curatione
1439 2358 1572 2409 sunt
1598 2350 1972 2431 adgnatorum

126 2469 199 2509 ex
233 2446 371 2528 lege
405 2446 700 2507 duodecim
727 2444 1084 2517 tabularum3
1118 2444 1217 2505 sed
1247 2442 1430 2505 solent
1463 2445 1656 2506 Romae
1682 2445 1976 2527 proefectus

124 2542 271 2603 urbi
299 2542 389 2602 vel
415 2553 646 2624 praetor,
678 2552 733 2605 et
761 2544 821 2602 in
863 2540 1167 2624 provinciis
1201 2538 1468 2623 proesides
1509 2560 1578 2601 ex
1611 2541 1976 2621 inquisitione

129 2639 215 2697 eis
244 2644 539 2697 curatores
568 2636 722 2696 dure.
1074 2710 1079 2715 ¹

210 2742 291 2794 4.
326 2730 435 2791 Sed
461 2740 517 2789 et
542 2741 728 2791 mente
755 2732 963 2812 captis,
996 2738 1051 2788 et
1076 2724 1289 2791 surdis.
1322 2733 1378 2786 et
1400 2728 1600 2798 mutis,
1630 2733 1686 2786 et
1711 2728 1810 2809 qui
1840 2746 1978 2809 per-

132 2838 314 2908 petuo
360 2824 565 2886 morbo
607 2824 898 2898 laborant,
945 2825 1079 2904 quis
1124 2818 1298 2881 rebus
1345 2823 1461 2882 suis
1515 2842 1810 2904 superesse
1862 2842 1976 2881 non

132 2928 415 3002 possunt,
446 2927 734 2980 curatores
762 2918 931 2979 dandi
962 2920 1109 2979 sunt.

216 3026 293 3076 εἱ.
344 3013 635 3074 Interdum
674 3021 859 3072 nutem
896 3020 951 3071 et
990 3014 1195 3095 pupilli
1237 3020 1524 3074 curatores
1566 3011 1876 3090 accipiunt,
1917 3018 1980 3069 ut

139 3118 279 3191 putu
308 3110 357 3168 si
390 3107 678 3190 legitimus
706 3116 859 3167 tutor
886 3126 1001 3165 non
1029 3108 1101 3167 sit
1136 3107 1402 3176 idoneus,
1441 3105 1708 3185 quonium
1749 3102 1980 3162 habenti

145 3211 391 3261 tutorem
426 3209 579 3260 tutor
615 3200 738 3259 duri
775 3218 889 3257 non
935 3208 1132 3280 potest.
1179 3200 1319 3259 Item
1361 3199 1411 3258 si
1450 3204 1783 3257 testamento
1820 3196 1982 3254 datus

148 3304 295 3355 tutor
312 3340 329 3366 ,
361 3292 455 3353 vel
480 3313 514 3351 u
540 3301 779 3373 praetore
804 3291 889 3351 vel
918 3290 1154 3373 praeside
1170 3337 1185 3363 ‚
1217 3290 1455 3350 idoneus
1475 3308 1590 3347 non
1613 3288 1683 3347 sit
1702 3286 1774 3345 ad
1796 3286 1982 3344 admi-

150 3388 569 3461 nistrationem,
597 3405 701 3447 uec
726 3395 917 3447 tamen
939 3384 1325 3446 fraudulenter
1354 3384 1578 3463 negotia
1603 3379 1952 3438 administret

1647 3476 1683 3524 7
1691 3511 1701 3522 .
