2292 3684
208 9 227 28 '
271 22 399 78 866·
573 30 782 74 samse.
825 29 1028 72 suen.
1069 29 1146 72 ιιι
1182 29 1545 74 common.
1584 30 1809 74 osum.

787 213 882 286 (sx
911 227 1122 268 contar.
1156 229 1255 267 τιτ.
1284 229 1378 282 11¹,
1408 229 1456 268 c.
1488 211 1607 284 vu.)

592 351 914 410 ULPIANUS
948 353 1149 410 mmo
1183 351 1347 410 xvm
1383 353 1477 409 An
1516 342 1869 408 Emc'rtm

234 499 246 509 .
338 447 452 507 SUB
486 447 722 505 TITULO
757 447 815 505 sl
849 447 1213 505 FATEBITUR
1249 448 1513 504 INJURIA
1550 445 1839 504 occlstm
1878 445 2073 514 ESSE,

983 541 1055 598 ΙΝ
1089 539 1399 599 smrLtm.

359 705 420 756 1.
473 695 616 755 ltem
661 696 709 754 si
757 694 1006 755 insulam
1063 713 1252 756 meam
1307 693 1591 756 adusseris
1634 691 1723 755 vel
1768 693 2134 766 incenderis,

272 786 512 870 Aquilius
570 789 851 849 actionem
891 785 1134 850 habebo.
1185 789 1451 871 Idemque
1498 798 1581 850 est
1628 795 1684 851 et
1728 790 1778 849 si
1820 787 2131 849 arbustum

273 902 494 958 meum,
528 881 617 943 vel
647 881 841 944 villam
877 902 1081 944 meam.
1169 894 1237 945 π.
1272 883 1437 956 Quod
1470 885 1519 943 si
1553 882 1683 944 dolo
1716 881 1845 964 quis
1878 879 2132 942 insulam

276 979 565 1053 exusserit,
595 979 765 1038 etiam
797 979 998 1058 eapitis
1029 998 1201 1060 poena
1218 978 1499 1060 plectitur,
1526 979 1689 1060 quasi
1716 977 2126 1038 incendiarius.

279 1079 346 1132 8.
379 1071 520 1130 Item
555 1072 604 1130 si
640 1071 766 1150 quis
809 1067 1059 1130 insulam
1095 1069 1335 1130 voluerit
1375 1089 1611 1130 exurere
1642 1093 1655 1128 :
1686 1077 1744 1130 et
1769 1072 1923 1150 ignis
1960 1072 2131 1129 etiam

279 1162 352 1224 ad
393 1165 562 1226 vicini
603 1163 851 1224 insulam
899 1166 1249 1246 pervenerit,
1286 1162 1517 1245 Aquilia
1554 1161 1845 1223 tenebitur
1884 1161 2017 1244 lege
2050 1163 2131 1222 vi·

211 1309 214 1316 .
279 1259 408 1318 cino
443 1277 457 1316 ι
485 1276 604 1318 non
629 1259 822 1317 minus
849 1259 1024 1318 etiam
1059 1256 1361 1338 inquilinis
1391 1257 1469 1317 ob
1502 1273 1595 1317 res
1636 1273 1837 1317 eorum
1870 1263 2129 1326 exustam

280 1360 336 1412 et
373 1353 454 1411 ita
494 1353 684 1413 Labeo
729 1347 879 1413 libro
925 1351 1022 1412 XV
1062 1351 1491 1432 Responsorum
1532 1349 1724 1413 refert.
1814 1361 1887 1412 4.
1930 1349 2047 1410 Sed
2089 1351 2130 1409 si

279 1443 548 1526 stipulam
593 1447 668 1504 in‘
704 1465 841 1526 agro
887 1452 986 1504 tuo
1031 1444 1379 1518 incenderis,
1424 1445 1688 1526 ignisque
1737 1452 2013 1527 evagatus
2064 1443 2131 1503 ad

281 1537 555 1618 praedium
591 1539 760 1598 vicini
797 1540 1145 1620 pervenerit,
1178 1546 1232 1600 et
1266 1537 1410 1600 illud
1445 1539 1750 1612 exusserit,
1780 1536 2013 1618 Aquilia
2045 1535 2133 1596 lex

283 1630 473 1691 locum
519 1628 758 1704 habeat,
805 1651 880 1690 an
925 1633 987 1691 in
1033 1633 1247 1692 factum
1298 1632 1445 1692 actio
1492 1633 1591 1705 sit,
1632 1631 1742 1691 fuit
1784 1631 2130 1711 quaestionis.

281 1737 346 1787 ὅ.
393 1727 462 1785 Et
508 1725 794 1807 plerisque
834 1724 1060 1806 Aquilia
1101 1724 1193 1786 lex
1234 1723 1424 1786 locum
1464 1723 1679 1785 babere
1722 1743 1843 1785 non
1882 1723 2129 1794 videtur,

283 1827 340 1881 et
365 1821 443 1879 ita
471 1817 667 1879 Celsus
696 1815 844 1877 libro
883 1817 1126 1880 XXXVII
1164 1819 1522 1900 Digestorum
1552 1815 1783 1889 scribit;
1814 1817 1894 1876 ait
1931 1819 2128 1876 enim.

283 1915 332 1972 si
359 1911 629 1993 stipulam
666 1911 1061 1971 incendentis
1046 1912 1193 1993 ignis
1227 1909 1397 2008 fugit,
1428 1907 1657 1991 Aquilia
1691 1909 1817 1992 lege
1847 1929 1981 1971 eum
2016 1930 2130 1970 non

285 2007 481 2077 teneri,
515 2003 657 2064 sed
641 2025 703 2062 ιιι
737 2003 949 2063 factum
977 2003 1281 2084 agendum,
1315 2003 1447 2084 quia
1479 2023 1597 2064 non
1626 2003 2019 2084 principaliter
2044 2003 2133 2062 bic

285 2099 524 2168 exussit,
555 2096 652 2156 sed
683 2095 818 2156 dum
846 2094 1006 2155 aliud
1031 2098 1175 2178 egit,
1204 2098 1285 2156 sie
1314 2097 1462 2178 ignis
1490 2097 1780 2178 prooessit.
1866 2107 1938 2158 0.
1960 2096 2133 2177 Cujus

225 2235 229 2242 -
283 2193 562 2254 sententia
603 2190 815 2251 scilicet
856 2192 1128 2270 rescripto
1170 2189 1283 2249 divi
1317 2191 1506 2250 Severi
1544 2188 1919 2272 comprobata
1958 2199 2042 2250 est
2074 2193 2130 2250 iu

285 2285 406 2345 hoec
445 2283 661 2344 verba:
704 2307 730 2338 α
761 2283 973 2342 Proeses
1016 2283 1344 2364 provinciae,
1376 2283 1425 2342 si
1462 2291 1697 2364 propter
1728 2283 1953 2364 ignem,
1990 2283 2131 2365 (qui)

2248 313 2250 322 ⁴

2248 323 2250 332 ι

286 2403 312 2433 ι
353 2375 550 2457 pabuli
579 2377 762 2458 gratia
792 2373 971 2435 factus
998 2373 1169 2456 culpa
1194 2392 1489 2436 servorum
1510 2377 1751 2437 Vetus-its
1768 2375 1982 2436 Astiliae
2008 2397 2131 2438 eva·
2248 2405 2250 2424 ι

291 2495 316 2524 n
353 2476 514 2549 gatus
557 2487 762 2549 agrum
811 2476 998 2539 tuum,
1046 2477 1110 2528 ut
1152 2471 1456 2550 proponis,
1496 2469 1872 2550 depopulatus
1914 2480 2029 2546 est,
2066 2471 2129 2529 ad

289 2588 314 2618 n
353 2559 678 2642 exemplum
717 2560 858 2642 legis
893 2559 1132 2641 Aquiliae
1179 2560 1373 2622 noxali
1406 2561 1623 2642 judicio
1664 2571 1893 2622 acturus
1931 2563 2058 2646 (es),
2088 2565 2129 2622 si

292 2682 316 2710 n
354 2654 466 2714 litis
508 2656 800 2714 oestimatio
845 2656 1213 2735 permittitur,
1245 2653 1527 2735 judicium
1567 2655 2001 2718 accommodare
2032 2677 2129 2738 po-

289 2774 312 2803 »
355 2755 479 2806 test.
538 2774 562 2802 n
623 2746 890 2806 Videlicet
948 2765 1064 2806 non
1126 2755 1211 2808 est
1274 2748 1459 2808 visum
1514 2747 1802 2830 Aquiliam
1858 2741 2123 2812 sufficere.

291 2851 354 2902 v.
407 2839 464 2898 Si
510 2839 654 2899 forte
699 2845 893 2900 servus
941 2837 1128 2900 coloni
1178 2838 1250 2899 ad
1296 2841 1591 2902 fornacem
1638 2841 2050 2917 obdormisset,
2082 2851 2131 2904 et

284 2931 420 2992 villa
445 2932 618 2992 fuerit
659 2943 884 3008 exusta,
915 2935 1175 2994 Neratius
1208 2933 1435 3008 scribit,
1468 2953 1541 2996 ex
1573 2934 1757 2996 locato
1796 2947 2129 3000 eonventum
2248 2965 2250 2980 2

289 3035 558 3110 praestare
585 3025 819 3102 debere,
848 3031 901 3089 si
931 3029 1226 3111 negligens
1256 3034 1315 3090 in
1352 3031 1625 3114 eligendis
1650 3033 1985 3096 ministeriis
2012 3035 2125 3097 fuit.

291 3122 552 3183 Ceterum
601 3122 648 3180 si
694 3121 842 3182 alius
885 3125 1078 3203 ignem
1125 3123 1429 3203 subjecerit
1475 3124 1728 3200 fornaci,
1766 3125 1918 3187 alius
1960 3127 2129 3211 negli-

290 3223 486 3298 genter
513 3212 865 3288 custodierit,
897 3215 993 3298 (an
1029 3217 1441 3306 tenebiturqui
1473 3219 1839 3302 subjeetum?
1866 3223 2015 3284 Nam
2040 3225 2129 3312 qui
