2292 3684
187 114 348 157 sust.
381 114 527 157 iuer.
569 118 622 157 ι.
653 118 737 172 m,
765 116 820 158 τ.
849 118 925 157 rx.
967 116 1038 158 oz
1063 116 1323 159 soxosux
1352 116 1821 159 Possessiomsus.
1866 104 1969 159 4⁴9

126 217 366 296 quidem
403 226 457 277 et
493 236 762 279 secusnun
801 236 1022 279 nauus
1057 217 1342 278 bonorum
1377 220 1760 298 possessiones
1788 219 1975 279 admi-

127 312 336 383 simus,
365 318 430 369 nt
457 320 587 392 pote
616 315 958 373 necessarias
984 314 1333 383 constitutas,
1356 330 1460 371 nec
1480 332 1595 373 non
1618 313 1691 373 ab
1714 314 1975 373 intestato

129 422 272 463 txun
308 423 486 465 metm
519 413 576 465 et
611 424 748 467 unns
785 424 1022 467 Lucri-nn
1069 405 1356 465 bonorum
1404 407 1806 486 possessiones.
1842 405 1975 478 Quae

127 506 326 556 autem
353 499 414 555 in
443 499 697 577 proetoris
723 498 900 559 edicto
930 501 1128 579 quinto
1159 496 1281 558 loco
1310 499 1492 578 posita
1520 497 1733 571 fuerat,
1762 498 1821 557 id
1859 490 1969 573 est,

129 608 268 649 mm:
309 608 490 651 nem
523 578 802 664 musinuli,¹
823 612 949 651 eam
991 594 1088 673 pio
1137 593 1427 671 proposito
1472 599 1529 651 et
1572 591 1971 673 compendioso

128 702 400 743 sermone
425 704 834 766 supervacuam
863 683 1227 744 ostendimus.
1260 683 1401 743 Cum
1432 685 1583 744 enim
1614 684 1847 764 praefate
1875 684 1977 745 bo-

130 796 346 837 norum
392 782 671 859 possessio
716 779 907 839 decem
955 762 1229 860 personas
1289 777 1655 859 praeponebat
1710 785 1975 839 extraneo

129 874 548 933 manumissori
569 920 583 943 ‚
613 884 806 935 nostra
845 874 1165 933 constitutio
1194 872 1311 955 (1),
1342 893 1514 953 quam
1554 874 1623 933 de
1662 877 1983 956 emancipa-

129 966 288 1025 tione
325 964 642 1027 liberorum
680 967 943 1038 fecimus,
977 964 1243 1026 omnibus
1282 966 1613 1046 parentibus
1652 966 1975 1048 eisdemque

128 1060 655 1120 manumissoribus
690 1068 976 1120 contracta
1003 1058 1207 1118 fiducia
1246 1060 1749 1118 manumissionem
1791 1058 1974 1120 facere

130 1154 318 1227 dedit,
349 1162 414 1215 ut
439 1158 562 1236 ipsa
595 1157 962 1215 manumissio
991 1174 1191 1214 eorum
1222 1154 1331 1213 hoc
1371 1156 1428 1211 in
1460 1173 1519 1212 se
1546 1151 1757 1212 habeat
1802 1156 1977 1234 privi-

131 1247 348 1327 legium
369 1295 384 1319 ,
416 1255 470 1307 et
497 1268 845 1329 supervacua
871 1248 972 1307 fiat
999 1246 1323 1328 supradicta
1348 1245 1632 1305 bonorum
1672 1248 1967 1326 possessio.

131 1340 372 1399 Sublata
411 1342 584 1422 igitur
624 1341 860 1423 proefata
905 1342 1104 1421 quinta
1150 1338 1433 1398 bonorum
1476 1340 1859 1418 possessione,
1910 1341 1969 1397 in

131 1434 379 1516 gradum
397 1436 519 1515 ejus
546 1444 758 1495 sextam
788 1442 954 1494 antea
985 1432 1269 1493 bonorum
1288 1433 1719 1512 possessionem,
1752 1430 1951 1491 induxi

135 1548 295 1598 mus,
326 1535 380 1586 et
407 1529 664 1607 quintam
696 1526 932 1588 fecimus
961 1546 1134 1607 quam
1163 1532 1371 1604 praetor
1404 1524 1678 1605 proximis
1717 1527 1971 1605 cognatis

135 1616 460 1700 pollicetur.

214 1726 283 1775 5.
319 1712 573 1795 Cumque·
613 1722 778 1775 antea
823 1715 1008 1774 fuerat
1053 1714 1293 1794 septimo
1337 1709 1459 1787 loco
1507 1710 1792 1769 honorum
1836 1729 1968 1790 pos-

135 1808 314 1867 sessio
355 1824 604 1876 ·miousn
639 1826 707 1866 ex
744 1825 990 1879 ramus,
1023 1815 1078 1865 et
1120 1812 1313 1865 octavo
1360 1822 1497 1863 uxor:
1542 1822 1715 1864 usum
1756 1821 1975 1863 rsrsom

135 1918 480 1969 mmoNAEQus
515 1918 580 1960 m·
614 1918 870 1961 passuras
901 1918 1107 1970 eonon,
1143 1908 1439 1977 utramque
1478 1916 1582 1977 per
1620 1898 1977 1956 constitutio-

137 2013 274 2053 nem
310 2002 562 2052 nostram
592 1992 701 2072 (2),
733 2012 904 2072 quam
933 1991 1002 2050 de
1025 1992 1155 2070 jure
1194 1997 1525 2070 patronatus
1566 1989 1798 2053 fecimus
1821 2033 1835 2059 ,
1869 2007 1975 2068 pe-

137 2092 294 2147 nitus
316 2086 694 2147 vacuavimus.
712 2086 856 2146 Cum
879 2086 1030 2145 enim
1057 2084 1128 2143 sd
1156 2082 1579 2142 similitudinem
1610 2084 1974 2143 successionis

137 2188 545 2266 ingenuorum,
588 2182 989 2242 libertinorum
1033 2183 1413 2241 successiones
1460 2183 1784 2261 posuimus,
1835 2198 1973 2260 quas

135 2297 318 2357 usque
345 2276 418 2335 ad
450 2277 712 2357 quintum
739 2272 1132 2334 tantummodo
1173 2272 1411 2354 gradum
1447 2275 1879 2343 coarctavimus,
1913 2281 1977 2330 ut

137 2370 210 2427 sit
247 2367 438 2449 eliqua
465 2369 613 2427 inter
639 2366 916 2447 ingenuos
953 2374 1007 2424 et
1043 2361 1339 2423 libertinos
1376 2362 1725 2435 differentia,
1768 2363 1975 2424 sufficit

139 2466 219 2523 eis
263 2472 379 2521 tam
424 2479 620 2522 cosm
663 2478 886 2533 ranunss
926 2460 1211 2519 bonorum
1254 2460 1568 2539 possessio,
1620 2479 1793 2539 quam
1834 2478 1973 2519 usne

141 2554 374 2615 mamm
403 2562 456 2613 et
483 2572 622 2615 unns
650 2572 903 2625 coenan,
937 2572 1004 2612 ex
1041 2550 1251 2631 quibus
1288 2558 1529 2631 possunt
1559 2570 1659 2611 sua
1685 2553 1817 2630 jura
1846 2551 1973 2609 vin·
2053 2596 2056 2599 .

139 2652 353 2717 dicare,
387 2650 544 2707 omni
571 2646 1001 2728 scrupulositate
1031 2655 1085 2704 et
1110 2643 1489 2705 inextricabili
1516 2664 1705 2705 errore
1735 2646 1969 2703 istarum

139 2742 381 2801 duarum
410 2740 693 2800 bonorum
722 2740 1145 2819 possessionum
1175 2735 1435 2797 resoluto.

218 2846 282 2894 o.
315 2832 504 2893 Aliam
539 2851 670 2891 vero
709 2829 994 2891 bonorum
1031 2831 1447 2911 possessionem
1477 2848 1601 2910 quoe
1630 2848 1768 2889 muns
1794 2848 1883 2891 vm
1910 2850 1974 2891 ΕΤ

141 2944 278 2986 exon
305 2923 655 3006 appellatur,
682 2932 740 2984 et
765 2944 920 2985 nono
945 2924 1071 2984 loco
1100 2925 1250 2981 inter
1277 2928 1487 2981 veteres
1517 2920 1801 2982 bonorum
1838 2944 1975 3004 pos-

143 3022 417 3079 sessiones
453 3020 641 3100 posita
676 3019 891 3091 fuerat,
937 3027 992 3079 et
1031 3019 1090 3077 in
1131 3038 1235 3077 suo
1277 3018 1465 3098 vigore
1503 3020 1878 3092 servavimus,
1921 3030 1975 3080 ct

145 3113 338 3174 altiore
369 3114 521 3189 loen,
552 3112 609 3172 id
639 3121 746 3187 est,
782 3121 968 3186 sexto,
999 3132 1124 3172 eam
1165 3111 1461 3193 posuimus
1493 3132 1506 3170 :
1546 3112 1763 3173 decima
1802 3115 1973 3172 veteri

213 3316 274 3379 (t)
304 3315 362 3366 D.
399 3316 444 3364 t.
478 3319 524 3373 6,
559 3316 628 3371 C„
663 3311 730 3361 Dc
752 3315 955 3387 etpnncip
993 3338 1056 3349 -
1082 3311 1146 3371 (2)
1184 3310 1239 3361 D.
1276 3312 1322 3360 Ῑ..
1357 3316 1395 3367 ί,
1424 3313 1499 3368 C„
1522 3310 1591 3357 De
1611 3310 1711 3359 bon.
1739 3309 1880 3357 libert.
