2292 3684
405 92 510 149 208
549 103 664 145 em
693 102 834 145 mer.
875 104 926 143 c.
950 102 1009 155 11,
1051 84 1114 158 §§
1140 84 1342 141 93-97.
1384 100 1487 141 rea
1510 98 1652 148 oms
1674 100 1907 141 reason.
1940 100 2081 140 uon.
2121 98 2223 139 An·

408 216 517 279 tur,
549 207 664 265 sive
695 203 844 266 liber
881 210 976 276 sit,
1011 207 1125 265 sive
1164 192 1381 265 alienus
1407 212 1630 275 set-vnn
1662 203 1815 284 quod
1844 202 2223 285 enimplacu

407 296 475 355 de
503 295 942 367 usufructuario,
974 295 1124 357 idem
1154 295 1430 375 probatur
1457 296 1627 355 etiam
1654 294 1723 355 de
1752 292 1915 355 honre
1944 294 2089 355 fidei
2122 316 2223 375 ρος

405 409 622 449 sessore
654 412 666 449 ε
701 391 890 470 itaque
926 389 1080 470 quod
1115 398 1274 449 extra
1311 388 1451 447 duas
1492 390 1627 449 istas
1666 407 1867 448 causas
1894 388 2223 470 adquiritm

403 483 462 541 id
489 481 577 542 vel
605 482 674 542 ad
713 484 905 563 ipsum
933 485 1194 564 pertinet,
1226 484 1275 541 si
1305 481 1451 541 liber
1477 492 1581 557 est,
1615 480 1699 541 vel
1728 481 1799 541 ad
1829 481 2181 555 dominum,
2220 518 2222 557 ³

405 593 598 637 servus
625 579 716 637 sit.
751 588 864 639 93.
899 576 1006 637 Sed
1035 579 1082 635 si
1110 576 1271 637 bonae
1300 576 1430 636 fidei
1459 594 1736 657 possessor
1762 579 2095 656 usuceperit
2122 592 2223 655 sen

401 691 564 745 vum,
595 673 730 753 quia
755 691 822 732 eo
850 672 1021 733 modo
1059 672 1322 733 dominus
1350 670 1438 744 fit,
1477 689 1552 731 ex
1586 672 1739 730 omui
1764 690 1933 730 causa
1973 691 2085 752 per
2116 690 2223 731 eun

403 765 512 825 eibi
541 765 837 847 adquirere
862 776 1046 847 potest
1079 789 1092 825 :
1123 766 1574 826 usufructuariae
1596 784 1736 839 ,vero
1764 784 2083 845 usucapere
2128 788 2223 839 nu

402 866 604 938 potest,
638 860 887 939 primum
915 862 1050 939 quia
1077 880 1194 921 non
1224 858 1489 939 possidet,
1520 858 1615 917 sed
1639 856 1813 917 habet
1836 859 1927 935 jus
1964 858 2175 917 utendi
2210 878 2223 927 4

405 949 658 1025 fruendi,
691 951 892 1012 deinde
920 955 1053 1033 quia
1081 954 1187 1013 scit
1220 951 1469 1013 alienum
1504 971 1643 1011 esse.
1679 962 1794 1011 94.
1832 951 1911 1009 De
1947 949 2050 1010 isso
2082 972 2223 1032 qum

402 1044 567 1114 ritur,
598 1063 672 1102 an
699 1064 804 1124 per
832 1064 962 1104 eum
991 1064 1215 1104 servum
1246 1046 1303 1103 in
1332 1062 1445 1123 quo
1481 1042 1895 1103 usumfructum
1922 1036 2223 1107 habemus

405 1135 690 1216 possidere
711 1135 961 1217 aliquam
991 1157 1110 1197 rem
1141 1145 1197 1196 et
1223 1156 1531 1216 usucapere
1552 1138 1854 1216 possimus,
1882 1138 2019 1215 quia
2048 1138 2223 1217 ipsum

403 1248 520 1287 non
562 1229 912 1310 possidemus
947 1253 959 1289 ε
994 1250 1097 1310 per
1125 1250 1255 1291 eum
1286 1249 1417 1290 vero
1446 1248 1616 1310 quem
1648 1228 1800 1287 bona
1828 1226 1937 1313 tide
1979 1229 2223 1309 posside

404 1341 559 1393 mus,
591 1322 713 1381 sine
739 1321 914 1382 dubio
941 1332 996 1381 et
1025 1322 1310 1401 possidere
1342 1331 1396 1382 et
1426 1341 1735 1401 usucapere
1766 1340 2093 1401 possumus.
2126 1322 2223 1399 Lo

400 1416 632 1495 quimur
659 1423 845 1475 autem
876 1418 936 1473 in
965 1418 1257 1496 utriusque
1293 1433 1537 1495 persona
1572 1414 1883 1475 secundum
1916 1416 2222 1487 distinctio

404 1526 536 1565 nem
583 1528 755 1588 quam
808 1528 1082 1589 proxume
1128 1510 1517 1587 exposuimus,
1551 1507 1607 1564 id
1646 1498 1755 1577 e'st,
1797 1510 1844 1565 si
1886 1507 2025 1588 quid
2072 1529 2143 1568 ex
2186 1532 2223 1581 n

403 1610 598 1661 nostra
624 1601 709 1662 vel
737 1623 805 1662 ex
828 1605 1014 1682 operis
1043 1606 1161 1662 suis
1190 1602 1511 1683 adquirant,
1535 1600 1592 1659 id
1622 1598 1785 1660 nobis
1809 1601 2153 1683 adquiritur.

483 1705 604 1755 95.
644 1696 727 1755 Ex
754 1695 840 1755 his
877 1706 1146 1777 apparet,
1182 1716 1282 1776 per
1308 1692 1517 1755 liberos
1558 1694 1841 1767 homines,
1875 1716 2015 1775 quos
2050 1718 2223 1779 nequ«

395 1790 516 1869 juri
548 1800 741 1848 nostro
771 1788 1050 1867 subjectos
1085 1788 1391 1861 habemus,
1429 1807 1615 1867 neque
1654 1786 1808 1847 bona
1833 1788 1942 1848 fide
1978 1792 2223 1871 possideag

401 1902 556 1953 mus,
603 1884 740 1943 item
786 1903 890 1962 per
939 1881 1153 1944 alienos
1204 1903 1391 1943 seruos
1438 1881 1753 1963 inquibus
1798 1902 1983 1963 neque
2030 1906 2223 1953 usumff

400 1974 650 2035 fructum
682 1974 990 2049 habemus,
1022 1997 1206 2059 neque
1234 1978 1448 2057 justam
1491 1977 1931 2057 possessionem,
1976 1978 2137 2038 nulla
2170 2002 2223 2045 ea

401 2086 570 2126 causa
605 2068 772 2127 nobis
809 2068 1031 2148 adquiri
1059 2088 1243 2148 posse.
1289 2071 1371 2129 Et
1414 2067 1515 2129 Ιιοο
1559 2076 1642 2128 est
1674 2066 1830 2149 quod
1864 2067 2089 2142 dicitur,
2131 2091 2223 2149 pei

401 2170 725 2220 extraneam
765 2182 1064 2241 personam
1107 2161 1249 2221 nihil
1288 2161 1510 2243 adquiri
1527 2180 1712 2242 posse,
1750 2170 1986 2242 excepta
2008 2183 2223 2243 posses·

357 2325 368 2333 ‚
399 2255 555 2313 sione
586 2275 604 2311 .·
625 2252 693 2313 de
725 2272 791 2315 ea
821 2257 974 2315 eni-m
1003 2258 1289 2337 quaeritur,
1334 2275 1482 2316 enne
1510 2275 1621 2337 per
1660 2255 1899 2317 liberam
1920 2277 2223 2338 personam

403 2345 568 2406 uobis
611 2345 960 2427 adquiratur.

479 2825 597 2876 96.
631 2815 692 2873 In
726 2834 954 2873 summa
983 2813 1272 2874 sciendum
1302 2820 1402 2887 est,
1427 2814 1495 2873 iis
1516 2815 1617 2895 qui
1642 2815 1709 2873 in
1740 2820 2029 2894 potestate,
2049 2833 2223 2875 manu

399 2910 753 2989 mancipiove
781 2917 931 2979 sunt,
963 2906 1104 2969 nihil
1131 2910 1191 2965 in
1213 2909 1345 2988 jure
1372 2906 1492 2967 cedi
1519 2925 1711 2988 possm
1748 2927 1878 2967 cum
1907 2908 2054 2967 enim
2080 2910 2223 2967 ista-

397 3024 527 3064 rum
558 3021 932 3083 personarum
961 2999 1106 3061 nihil
1151 3021 1317 3061 suum
1362 3020 1482 3061 esse
1526 3002 1729 3081 possit,
1770 3000 2099 3060 couveniens
2140 3009 2222 3059 est

398 3095 608 3158 scilicet
636 3104 698 3153 ut
729 3093 868 3153 nihii
897 3114 1068 3154 suum
1097 3113 1211 3154 esse
1238 3095 1297 3153 in
1320 3096 1451 3175 jure
1480 3093 1761 3153 vindicare
1790 3093 2019 3173 possint.

479 3202 598 3252 9¹1.
637 3190 968 3269 (Hactenus)
1005 3191 1276 3267 tantisper
1303 3188 1665 3249 admonuisse
1689 3186 1925 3259 sufficit,
1956 3186 2216 3266 quemad-

399 3285 630 3345 modum
669 3281 903 3365 singulae
944 3302 1034 3341 res
1073 3281 1237 3341 nobis
1279 3282 1679 3361 adquiruntur3
1732 3300 1866 3343 uam
1915 3278 2214 3359 legatorum
