<?xml version="1.0" encoding="UTF-8"?>
<!DOCTYPE html PUBLIC "-//W3C//DTD XHTML 1.0 Transitional//EN"
    "http://www.w3.org/TR/xhtml1/DTD/xhtml1-transitional.dtd">
<html xmlns="http://www.w3.org/1999/xhtml" xml:lang="en" lang="en">
 <head>
  <title>
</title>
<meta http-equiv="Content-Type" content="text/html;charset=utf-8" />
  <meta name='ocr-system' content='tesseract 3.04.00' />
  <meta name='ocr-capabilities' content='ocr_page ocr_carea ocr_par ocr_line ocrx_word'/>
</head>
<body>
  <div class='ocr_page' id='page_1' title='image "./manualejurissyn00paulgoog_0244.png"; bbox 0 0 2292 3684; ppageno 0'>
   <div class='ocr_carea' id='block_1_1' title="bbox 396 102 2223 193">
    <p class='ocr_par' dir='ltr' id='par_1_1' title="bbox 396 102 2223 193">
     <span class='ocr_line' id='line_1_1' title="bbox 396 102 2223 193; baseline -0.006 -31"><span class='ocrx_word' id='word_1_1' title='bbox 396 106 500 163; x_wconf 69' lang='lat'><strong>25⁴</strong></span> <span class='ocrx_word' id='word_1_2' title='bbox 539 116 660 160; x_wconf 75' lang='lat' dir='ltr'><strong>om</strong></span> <span class='ocrx_word' id='word_1_3' title='bbox 692 116 838 158; x_wconf 74' lang='lat' dir='ltr'><strong>mer.</strong></span> <span class='ocrx_word' id='word_1_4' title='bbox 867 117 919 157; x_wconf 80' lang='lat' dir='ltr'><strong>e.</strong></span> <span class='ocrx_word' id='word_1_5' title='bbox 951 116 1016 172; x_wconf 86' lang='lat' dir='ltr'><strong>u,</strong></span> <span class='ocrx_word' id='word_1_6' title='bbox 1043 105 1102 170; x_wconf 75' lang='grc'><strong>53</strong></span> <span class='ocrx_word' id='word_1_7' title='bbox 1129 102 1388 158; x_wconf 70' lang='grc' dir='ltr'><strong>138-Η4.</strong></span> <span class='ocrx_word' id='word_1_8' title='bbox 1426 114 1579 163; x_wconf 70' lang='lat' dir='ltr'><strong>onie.</strong></span> <span class='ocrx_word' id='word_1_9' title='bbox 1600 114 1678 156; x_wconf 74' lang='lat' dir='ltr'><strong>ax</strong></span> <span class='ocrx_word' id='word_1_10' title='bbox 1710 112 1864 193; x_wconf 63' lang='lat' dir='ltr'><strong>mts5</strong></span> <span class='ocrx_word' id='word_1_11' title='bbox 1896 112 2079 155; x_wconf 73' lang='lat' dir='ltr'><strong>‘rus-1¹.</strong></span> <span class='ocrx_word' id='word_1_12' title='bbox 2124 112 2223 153; x_wconf 71' lang='lat' dir='ltr'><strong>m:</strong></span> 
     </span>
    </p>
   </div>
   <div class='ocr_carea' id='block_1_2' title="bbox 395 215 2223 956">
    <p class='ocr_par' dir='ltr' id='par_1_2' title="bbox 395 215 2223 956">
     <span class='ocr_line' id='line_1_2' title="bbox 481 215 2223 300; baseline -0.007 -17"><span class='ocrx_word' id='word_1_13' title='bbox 481 231 645 283; x_wconf 69' lang='lat'><strong>188.</strong></span> <span class='ocrx_word' id='word_1_14' title='bbox 679 221 737 280; x_wconf 93' lang='lat' dir='ltr'><strong>Si</strong></span> <span class='ocrx_word' id='word_1_15' title='bbox 765 219 892 300; x_wconf 82' lang='lat' dir='ltr'><strong>quis</strong></span> <span class='ocrx_word' id='word_1_16' title='bbox 926 226 1054 299; x_wconf 88' lang='lat' dir='ltr'><strong>post</strong></span> <span class='ocrx_word' id='word_1_17' title='bbox 1087 218 1297 278; x_wconf 78' lang='lat' dir='ltr'><strong>factum</strong></span> <span class='ocrx_word' id='word_1_18' title='bbox 1322 224 1719 276; x_wconf 78' lang='lat' dir='ltr'><strong>testamentum</strong></span> <span class='ocrx_word' id='word_1_19' title='bbox 1750 215 2141 296; x_wconf 80' lang='lat' dir='ltr'><strong>adoptaverit</strong></span> <span class='ocrx_word' id='word_1_20' title='bbox 2176 218 2223 271; x_wconf 75' lang='lat' dir='ltr'><strong>si</strong></span> 
     </span>
     <span class='ocr_line' id='line_1_3' title="bbox 396 311 2223 393; baseline -0.004 -19"><span class='ocrx_word' id='word_1_21' title='bbox 396 315 577 374; x_wconf 80' lang='lat' dir='ltr'><strong>filium</strong></span> <span class='ocrx_word' id='word_1_22' title='bbox 600 360 614 384; x_wconf 91' lang='lat'><strong>,</strong></span> <span class='ocrx_word' id='word_1_23' title='bbox 649 322 745 372; x_wconf 85' lang='lat' dir='ltr'><strong>aut</strong></span> <span class='ocrx_word' id='word_1_24' title='bbox 784 330 885 390; x_wconf 82' lang='lat' dir='ltr'><strong>per</strong></span> <span class='ocrx_word' id='word_1_25' title='bbox 915 312 1223 393; x_wconf 86' lang='lat' dir='ltr'><strong>populum,</strong></span> <span class='ocrx_word' id='word_1_26' title='bbox 1256 330 1385 370; x_wconf 87' lang='lat' dir='ltr'><strong>eum</strong></span> <span class='ocrx_word' id='word_1_27' title='bbox 1416 312 1513 391; x_wconf 92' lang='lat' dir='ltr'><strong>qui</strong></span> <span class='ocrx_word' id='word_1_28' title='bbox 1541 311 1799 391; x_wconf 82' lang='lat' dir='ltr'><strong>suijuris</strong></span> <span class='ocrx_word' id='word_1_29' title='bbox 1834 318 1951 381; x_wconf 83' lang='lat' dir='ltr'><strong>est,</strong></span> <span class='ocrx_word' id='word_1_30' title='bbox 2008 318 2129 368; x_wconf 70' lang='lat' dir='ltr'><strong>aut</strong></span> <span class='ocrx_word' id='word_1_31' title='bbox 2180 330 2223 389; x_wconf 87' lang='lat' dir='ltr'><strong>p</strong></span> 
     </span>
     <span class='ocr_line' id='line_1_4' title="bbox 398 402 2223 491; baseline -0.004 -23"><span class='ocrx_word' id='word_1_32' title='bbox 398 416 721 491; x_wconf 67' lang='lat' dir='ltr'><strong>praetorem,</strong></span> <span class='ocrx_word' id='word_1_33' title='bbox 773 426 905 465; x_wconf 84' lang='lat' dir='ltr'><strong>eum</strong></span> <span class='ocrx_word' id='word_1_34' title='bbox 951 408 1050 487; x_wconf 88' lang='lat' dir='ltr'><strong>qui</strong></span> <span class='ocrx_word' id='word_1_35' title='bbox 1089 408 1151 464; x_wconf 89' lang='lat' dir='ltr'><strong>in</strong></span> <span class='ocrx_word' id='word_1_36' title='bbox 1195 414 1465 486; x_wconf 75' lang='lat' dir='ltr'><strong>potestate</strong></span> <span class='ocrx_word' id='word_1_37' title='bbox 1508 406 1761 485; x_wconf 83' lang='lat' dir='ltr'><strong>parentis</strong></span> <span class='ocrx_word' id='word_1_38' title='bbox 1806 402 2013 475; x_wconf 80' lang='lat' dir='ltr'><strong>fuerit,</strong></span> <span class='ocrx_word' id='word_1_39' title='bbox 2066 422 2223 461; x_wconf 80' lang='lat' dir='ltr'><strong>omn</strong></span> 
     </span>
     <span class='ocr_line' id='line_1_5' title="bbox 395 498 2223 579; baseline -0.006 -15"><span class='ocrx_word' id='word_1_40' title='bbox 395 502 563 565; x_wconf 85' lang='lat' dir='ltr'><strong>mode</strong></span> <span class='ocrx_word' id='word_1_41' title='bbox 609 506 1009 560; x_wconf 84' lang='lat' dir='ltr'><strong>testamentum</strong></span> <span class='ocrx_word' id='word_1_42' title='bbox 1063 500 1187 578; x_wconf 84' lang='lat' dir='ltr'><strong>ejus</strong></span> <span class='ocrx_word' id='word_1_43' title='bbox 1242 500 1531 579; x_wconf 80' lang='lat' dir='ltr'><strong>rumpitur</strong></span> <span class='ocrx_word' id='word_1_44' title='bbox 1580 500 1745 578; x_wconf 75' lang='lat' dir='ltr'><strong>quasi</strong></span> <span class='ocrx_word' id='word_1_45' title='bbox 1792 498 2129 577; x_wconf 75' lang='lat' dir='ltr'><strong>agnatione</strong></span> <span class='ocrx_word' id='word_1_46' title='bbox 2196 516 2223 553; x_wconf 82' lang='grc' dir='ltr'>ε</span> 
     </span>
     <span class='ocr_line' id='line_1_6' title="bbox 396 590 2223 672; baseline -0.006 -16"><span class='ocrx_word' id='word_1_47' title='bbox 396 595 634 656; x_wconf 83' lang='lat' dir='ltr'><strong>heredis.</strong></span> <span class='ocrx_word' id='word_1_48' title='bbox 725 603 888 654; x_wconf 70' lang='lat'><strong>180.</strong></span> <span class='ocrx_word' id='word_1_49' title='bbox 931 591 1086 652; x_wconf 87' lang='lat' dir='ltr'><strong>ldem</strong></span> <span class='ocrx_word' id='word_1_50' title='bbox 1115 594 1265 672; x_wconf 85' lang='lat' dir='ltr'><strong>juris</strong></span> <span class='ocrx_word' id='word_1_51' title='bbox 1302 601 1386 652; x_wconf 85' lang='lat' dir='ltr'><strong>est</strong></span> <span class='ocrx_word' id='word_1_52' title='bbox 1424 594 1472 652; x_wconf 90' lang='lat' dir='ltr'><strong>si</strong></span> <span class='ocrx_word' id='word_1_53' title='bbox 1508 594 1599 651; x_wconf 86' lang='lat' dir='ltr'><strong>cui</strong></span> <span class='ocrx_word' id='word_1_54' title='bbox 1637 601 1765 671; x_wconf 85' lang='lat' dir='ltr'><strong>post</strong></span> <span class='ocrx_word' id='word_1_55' title='bbox 1810 590 2037 650; x_wconf 82' lang='lat' dir='ltr'><strong>sactum</strong></span> <span class='ocrx_word' id='word_1_56' title='bbox 2082 598 2223 648; x_wconf 78' lang='lat' dir='ltr'><strong>test.-</strong></span> 
     </span>
     <span class='ocr_line' id='line_1_7' title="bbox 396 684 2223 766; baseline -0.005 -15"><span class='ocrx_word' id='word_1_57' title='bbox 396 698 652 751; x_wconf 86' lang='lat' dir='ltr'><strong>mentum</strong></span> <span class='ocrx_word' id='word_1_58' title='bbox 685 708 827 747; x_wconf 85' lang='lat' dir='ltr'><strong>uxor</strong></span> <span class='ocrx_word' id='word_1_59' title='bbox 852 689 910 746; x_wconf 91' lang='lat' dir='ltr'><strong>in</strong></span> <span class='ocrx_word' id='word_1_60' title='bbox 943 708 1179 749; x_wconf 86' lang='lat' dir='ltr'><strong>manum</strong></span> <span class='ocrx_word' id='word_1_61' title='bbox 1206 688 1536 759; x_wconf 80' lang='lat' dir='ltr'><strong>conveniet,</strong></span> <span class='ocrx_word' id='word_1_62' title='bbox 1567 685 1657 745; x_wconf 80' lang='lat' dir='ltr'><strong>vel</strong></span> <span class='ocrx_word' id='word_1_63' title='bbox 1686 704 1808 766; x_wconf 80' lang='lat' dir='ltr'><strong>quae</strong></span> <span class='ocrx_word' id='word_1_64' title='bbox 1841 686 1897 743; x_wconf 89' lang='lat' dir='ltr'><strong>in</strong></span> <span class='ocrx_word' id='word_1_65' title='bbox 1932 703 2135 743; x_wconf 80' lang='lat' dir='ltr'><strong>marm</strong></span> <span class='ocrx_word' id='word_1_66' title='bbox 2172 684 2223 742; x_wconf 62' lang='lat' dir='ltr'><strong>ft</strong></span> 
     </span>
     <span class='ocr_line' id='line_1_8' title="bbox 397 778 2223 859; baseline -0.005 -16"><span class='ocrx_word' id='word_1_67' title='bbox 397 784 620 843; x_wconf 80' lang='lat' dir='ltr'><strong>nubat:</strong></span> <span class='ocrx_word' id='word_1_68' title='bbox 660 802 791 841; x_wconf 85' lang='lat' dir='ltr'><strong>nem</strong></span> <span class='ocrx_word' id='word_1_69' title='bbox 825 800 890 840; x_wconf 89' lang='lat' dir='ltr'><strong>eo</strong></span> <span class='ocrx_word' id='word_1_70' title='bbox 919 780 1087 840; x_wconf 86' lang='lat' dir='ltr'><strong>modo</strong></span> <span class='ocrx_word' id='word_1_71' title='bbox 1109 780 1239 839; x_wconf 78' lang='lat' dir='ltr'><strong>fitiae.</strong></span> <span class='ocrx_word' id='word_1_72' title='bbox 1266 780 1391 841; x_wconf 87' lang='lat' dir='ltr'><strong>loco</strong></span> <span class='ocrx_word' id='word_1_73' title='bbox 1430 799 1549 839; x_wconf 83' lang='lat' dir='ltr'><strong>esse</strong></span> <span class='ocrx_word' id='word_1_74' title='bbox 1586 780 1813 859; x_wconf 86' lang='lat' dir='ltr'><strong>incipit,</strong></span> <span class='ocrx_word' id='word_1_75' title='bbox 1848 785 1901 837; x_wconf 89' lang='lat' dir='ltr'><strong>et</strong></span> <span class='ocrx_word' id='word_1_76' title='bbox 1941 778 2125 858; x_wconf 75' lang='lat' dir='ltr'><strong>quasi</strong></span> <span class='ocrx_word' id='word_1_77' title='bbox 2170 796 2223 835; x_wconf 76' lang='lat' dir='ltr'><strong>st</strong></span> 
     </span>
     <span class='ocr_line' id='line_1_9' title="bbox 397 872 2223 956; baseline -0.005 -17"><span class='ocrx_word' id='word_1_78' title='bbox 397 886 499 939; x_wconf 80' lang='lat' dir='ltr'><strong>est.</strong></span> <span class='ocrx_word' id='word_1_79' title='bbox 595 886 750 938; x_wconf 68' lang='grc'><strong>141).</strong></span> <span class='ocrx_word' id='word_1_80' title='bbox 783 876 896 935; x_wconf 83' lang='lat' dir='ltr'><strong>Neo</strong></span> <span class='ocrx_word' id='word_1_81' title='bbox 925 874 1181 956; x_wconf 74' lang='lat' dir='ltr'><strong>prodest,</strong></span> <span class='ocrx_word' id='word_1_82' title='bbox 1210 878 1326 935; x_wconf 78' lang='lat' dir='ltr'><strong>eive</strong></span> <span class='ocrx_word' id='word_1_83' title='bbox 1354 874 1473 935; x_wconf 79' lang='lat' dir='ltr'><strong>haec</strong></span> <span class='ocrx_word' id='word_1_84' title='bbox 1491 922 1505 947; x_wconf 91' lang='lat'><strong>,</strong></span> <span class='ocrx_word' id='word_1_85' title='bbox 1537 876 1652 934; x_wconf 75' lang='lat' dir='ltr'><strong>sive</strong></span> <span class='ocrx_word' id='word_1_86' title='bbox 1679 872 1775 932; x_wconf 80' lang='lat' dir='ltr'><strong>itte</strong></span> <span class='ocrx_word' id='word_1_87' title='bbox 1802 874 1901 953; x_wconf 87' lang='lat' dir='ltr'><strong>qui</strong></span> <span class='ocrx_word' id='word_1_88' title='bbox 1942 872 2223 952; x_wconf 66' lang='lat' dir='ltr'><strong>adoptati</strong></span> 
     </span>
    </p>
   </div>
   <div class='ocr_carea' id='block_1_3' title="bbox 313 969 2223 1040">
    <p class='ocr_par' dir='ltr' id='par_1_3' title="bbox 313 969 2223 1040">
     <span class='ocr_line' id='line_1_10' title="bbox 313 969 2223 1040; baseline -0.006 -7"><span class='ocrx_word' id='word_1_89' title='bbox 313 1020 320 1033; x_wconf 82' lang='lat'><strong>.</strong></span> <span class='ocrx_word' id='word_1_90' title='bbox 397 980 512 1040; x_wconf 86' lang='lat' dir='ltr'><strong>est,</strong></span> <span class='ocrx_word' id='word_1_91' title='bbox 555 971 612 1029; x_wconf 85' lang='lat' dir='ltr'><strong>in</strong></span> <span class='ocrx_word' id='word_1_92' title='bbox 657 988 724 1027; x_wconf 81' lang='lat' dir='ltr'><strong>eo</strong></span> <span class='ocrx_word' id='word_1_93' title='bbox 759 976 1095 1028; x_wconf 84' lang='lat' dir='ltr'><strong>testamento</strong></span> <span class='ocrx_word' id='word_1_94' title='bbox 1134 972 1207 1027; x_wconf 87' lang='lat' dir='ltr'><strong>sit</strong></span> <span class='ocrx_word' id='word_1_95' title='bbox 1250 970 1539 1028; x_wconf 87' lang='lat' dir='ltr'><strong>institutus</strong></span> <span class='ocrx_word' id='word_1_96' title='bbox 1580 969 1939 1036; x_wconf 81' lang='lat' dir='ltr'><strong>institutave;</strong></span> <span class='ocrx_word' id='word_1_97' title='bbox 1996 984 2153 1024; x_wconf 72' lang='lat' dir='ltr'><strong>nam</strong></span> <span class='ocrx_word' id='word_1_98' title='bbox 2204 986 2223 1022; x_wconf 78' lang='lat' dir='ltr'><strong>t</strong></span> 
     </span>
    </p>
   </div>
   <div class='ocr_carea' id='block_1_4' title="bbox 331 1057 2223 3105">
    <p class='ocr_par' dir='ltr' id='par_1_4' title="bbox 331 1057 2223 2918">
     <span class='ocr_line' id='line_1_11' title="bbox 399 1057 2223 1141; baseline -0.005 -19"><span class='ocrx_word' id='word_1_99' title='bbox 399 1060 831 1122; x_wconf 80' lang='lat' dir='ltr'><strong>exheredatione</strong></span> <span class='ocrx_word' id='word_1_100' title='bbox 859 1061 982 1139; x_wconf 87' lang='lat' dir='ltr'><strong>ejus</strong></span> <span class='ocrx_word' id='word_1_101' title='bbox 1011 1080 1423 1141; x_wconf 79' lang='lat' dir='ltr'><strong>superuacuum</strong></span> <span class='ocrx_word' id='word_1_102' title='bbox 1451 1057 1670 1119; x_wconf 79' lang='lat' dir='ltr'><strong>videtur</strong></span> <span class='ocrx_word' id='word_1_103' title='bbox 1696 1076 1949 1139; x_wconf 64' lang='lat' dir='ltr'><strong>qua-rere</strong></span> <span class='ocrx_word' id='word_1_104' title='bbox 1976 1076 2123 1116; x_wconf 83' lang='lat' dir='ltr'><strong>cum</strong></span> <span class='ocrx_word' id='word_1_105' title='bbox 2157 1065 2223 1116; x_wconf 79' lang='lat' dir='ltr'><strong>te</strong></span> 
     </span>
     <span class='ocr_line' id='line_1_12' title="bbox 395 1151 2223 1235; baseline -0.002 -22"><span class='ocrx_word' id='word_1_106' title='bbox 395 1158 636 1215; x_wconf 78' lang='lat' dir='ltr'><strong>tumenti</strong></span> <span class='ocrx_word' id='word_1_107' title='bbox 671 1154 925 1213; x_wconf 79' lang='lat' dir='ltr'><strong>faciundi</strong></span> <span class='ocrx_word' id='word_1_108' title='bbox 969 1161 1223 1235; x_wconf 83' lang='lat' dir='ltr'><strong>tempore</strong></span> <span class='ocrx_word' id='word_1_109' title='bbox 1260 1173 1496 1213; x_wconf 87' lang='lat' dir='ltr'><strong>suorum</strong></span> <span class='ocrx_word' id='word_1_110' title='bbox 1528 1151 1803 1213; x_wconf 82' lang='lat' dir='ltr'><strong>heredum</strong></span> <span class='ocrx_word' id='word_1_111' title='bbox 1840 1170 2091 1210; x_wconf 82' lang='lat' dir='ltr'><strong>numero</strong></span> <span class='ocrx_word' id='word_1_112' title='bbox 2140 1170 2223 1209; x_wconf 83' lang='lat' dir='ltr'><strong>no</strong></span> 
     </span>
     <span class='ocr_line' id='line_1_13' title="bbox 397 1242 2223 1326; baseline -0.003 -19"><span class='ocrx_word' id='word_1_113' title='bbox 397 1248 586 1309; x_wconf 83' lang='lat' dir='ltr'><strong>fuerit.</strong></span> <span class='ocrx_word' id='word_1_114' title='bbox 683 1258 845 1308; x_wconf 71' lang='lat'><strong>141.</strong></span> <span class='ocrx_word' id='word_1_115' title='bbox 899 1245 1073 1305; x_wconf 79' lang='lat' dir='ltr'><strong>Filius</strong></span> <span class='ocrx_word' id='word_1_116' title='bbox 1121 1266 1381 1326; x_wconf 87' lang='lat' dir='ltr'><strong>quoque,</strong></span> <span class='ocrx_word' id='word_1_117' title='bbox 1430 1247 1528 1326; x_wconf 90' lang='lat' dir='ltr'><strong>qui</strong></span> <span class='ocrx_word' id='word_1_118' title='bbox 1577 1265 1648 1306; x_wconf 83' lang='lat' dir='ltr'><strong>ex</strong></span> <span class='ocrx_word' id='word_1_119' title='bbox 1695 1246 1881 1323; x_wconf 88' lang='lat' dir='ltr'><strong>prima</strong></span> <span class='ocrx_word' id='word_1_120' title='bbox 1926 1242 2223 1303; x_wconf 67' lang='lat' dir='ltr'><strong>secundat</strong></span> 
     </span>
     <span class='ocr_line' id='line_1_14' title="bbox 397 1340 2223 1421; baseline -0.002 -20"><span class='ocrx_word' id='word_1_121' title='bbox 397 1341 816 1420; x_wconf 76' lang='lat' dir='ltr'><strong>mancipatione</strong></span> <span class='ocrx_word' id='word_1_122' title='bbox 843 1341 1289 1413; x_wconf 83' lang='lat' dir='ltr'><strong>manumittitur,</strong></span> <span class='ocrx_word' id='word_1_123' title='bbox 1332 1342 1467 1421; x_wconf 85' lang='lat' dir='ltr'><strong>quia</strong></span> <span class='ocrx_word' id='word_1_124' title='bbox 1494 1340 1792 1399; x_wconf 81' lang='lat' dir='ltr'><strong>revertitur</strong></span> <span class='ocrx_word' id='word_1_125' title='bbox 1818 1341 1879 1397; x_wconf 88' lang='lat' dir='ltr'><strong>in</strong></span> <span class='ocrx_word' id='word_1_126' title='bbox 1908 1346 2223 1419; x_wconf 71' lang='lat' dir='ltr'><strong>potestaten</strong></span> 
     </span>
     <span class='ocr_line' id='line_1_15' title="bbox 400 1431 2223 1514; baseline -0.001 -21"><span class='ocrx_word' id='word_1_127' title='bbox 400 1436 665 1514; x_wconf 82' lang='lat' dir='ltr'><strong>patriam,</strong></span> <span class='ocrx_word' id='word_1_128' title='bbox 687 1434 906 1511; x_wconf 87' lang='lat' dir='ltr'><strong>rumpit</strong></span> <span class='ocrx_word' id='word_1_129' title='bbox 933 1440 1064 1491; x_wconf 85' lang='lat' dir='ltr'><strong>ante</strong></span> <span class='ocrx_word' id='word_1_130' title='bbox 1093 1432 1305 1491; x_wconf 77' lang='lat' dir='ltr'><strong>factum</strong></span> <span class='ocrx_word' id='word_1_131' title='bbox 1334 1440 1757 1504; x_wconf 79' lang='lat' dir='ltr'><strong>testamentum3</strong></span> <span class='ocrx_word' id='word_1_132' title='bbox 1790 1450 1895 1491; x_wconf 82' lang='lat' dir='ltr'><strong>nec</strong></span> <span class='ocrx_word' id='word_1_133' title='bbox 1922 1431 2185 1511; x_wconf 84' lang='lat' dir='ltr'><strong>prodest,</strong></span> <span class='ocrx_word' id='word_1_134' title='bbox 2214 1452 2223 1491; x_wconf 67' lang='grc' dir='ltr'><strong>ε</strong></span> 
     </span>
     <span class='ocr_line' id='line_1_16' title="bbox 398 1525 2223 1587; baseline -0.001 -1"><span class='ocrx_word' id='word_1_135' title='bbox 398 1529 458 1586; x_wconf 91' lang='lat' dir='ltr'><strong>in</strong></span> <span class='ocrx_word' id='word_1_136' title='bbox 498 1546 563 1587; x_wconf 89' lang='lat' dir='ltr'><strong>eo</strong></span> <span class='ocrx_word' id='word_1_137' title='bbox 601 1536 936 1587; x_wconf 83' lang='lat' dir='ltr'><strong>testamento</strong></span> <span class='ocrx_word' id='word_1_138' title='bbox 972 1526 1137 1586; x_wconf 85' lang='lat' dir='ltr'><strong>heres</strong></span> <span class='ocrx_word' id='word_1_139' title='bbox 1180 1528 1469 1587; x_wconf 84' lang='lat' dir='ltr'><strong>institutus</strong></span> <span class='ocrx_word' id='word_1_140' title='bbox 1506 1526 1595 1587; x_wconf 82' lang='lat' dir='ltr'><strong>vel</strong></span> <span class='ocrx_word' id='word_1_141' title='bbox 1634 1525 2003 1587; x_wconf 71' lang='lat' dir='ltr'><strong>exheredatus</strong></span> <span class='ocrx_word' id='word_1_142' title='bbox 2050 1528 2223 1585; x_wconf 70' lang='lat' dir='ltr'><strong>fuerin</strong></span> 
     </span>
     <span class='ocr_line' id='line_1_17' title="bbox 403 1620 2223 1702; baseline -0.002 -19"><span class='ocrx_word' id='word_1_143' title='bbox 403 1632 568 1683; x_wconf 62' lang='lat'><strong>14².</strong></span> <span class='ocrx_word' id='word_1_144' title='bbox 599 1620 794 1681; x_wconf 84' lang='lat' dir='ltr'><strong>Simile</strong></span> <span class='ocrx_word' id='word_1_145' title='bbox 816 1623 911 1701; x_wconf 81' lang='lat' dir='ltr'><strong>jus</strong></span> <span class='ocrx_word' id='word_1_146' title='bbox 939 1621 1077 1682; x_wconf 89' lang='lat' dir='ltr'><strong>olim</strong></span> <span class='ocrx_word' id='word_1_147' title='bbox 1115 1621 1225 1681; x_wconf 81' lang='lat' dir='ltr'><strong>fuit</strong></span> <span class='ocrx_word' id='word_1_148' title='bbox 1258 1624 1319 1681; x_wconf 89' lang='lat' dir='ltr'><strong>in</strong></span> <span class='ocrx_word' id='word_1_149' title='bbox 1358 1622 1479 1702; x_wconf 83' lang='lat' dir='ltr'><strong>ejus</strong></span> <span class='ocrx_word' id='word_1_150' title='bbox 1516 1640 1765 1702; x_wconf 83' lang='lat' dir='ltr'><strong>persona</strong></span> <span class='ocrx_word' id='word_1_151' title='bbox 1804 1622 1964 1700; x_wconf 82' lang='lat' dir='ltr'><strong>eujus</strong></span> <span class='ocrx_word' id='word_1_152' title='bbox 2006 1624 2223 1701; x_wconf 79' lang='lat' dir='ltr'><strong>nomin</strong></span> 
     </span>
     <span class='ocr_line' id='line_1_18' title="bbox 399 1712 2223 1796; baseline -0.002 -21"><span class='ocrx_word' id='word_1_153' title='bbox 399 1734 468 1775; x_wconf 84' lang='lat' dir='ltr'><strong>ex</strong></span> <span class='ocrx_word' id='word_1_154' title='bbox 497 1713 984 1775; x_wconf 77' lang='lat' dir='ltr'><strong>senatusconsulto</strong></span> <span class='ocrx_word' id='word_1_155' title='bbox 1020 1718 1230 1775; x_wconf 85' lang='lat' dir='ltr'><strong>erroris</strong></span> <span class='ocrx_word' id='word_1_156' title='bbox 1267 1733 1439 1775; x_wconf 75' lang='lat' dir='ltr'><strong>eausa</strong></span> <span class='ocrx_word' id='word_1_157' title='bbox 1476 1713 1772 1795; x_wconf 81' lang='lat' dir='ltr'><strong>probatur,</strong></span> <span class='ocrx_word' id='word_1_158' title='bbox 1820 1715 1955 1796; x_wconf 83' lang='lat' dir='ltr'><strong>quia</strong></span> <span class='ocrx_word' id='word_1_159' title='bbox 1988 1712 2145 1773; x_wconf 82' lang='lat' dir='ltr'><strong>forte</strong></span> <span class='ocrx_word' id='word_1_160' title='bbox 2184 1732 2223 1789; x_wconf 60' lang='lat' dir='ltr'><strong>eg</strong></span> 
     </span>
     <span class='ocr_line' id='line_1_19' title="bbox 399 1806 2215 1887; baseline -0.001 -22"><span class='ocrx_word' id='word_1_161' title='bbox 399 1809 703 1887; x_wconf 72' lang='lat' dir='ltr'><strong>peregrine</strong></span> <span class='ocrx_word' id='word_1_162' title='bbox 730 1806 818 1866; x_wconf 85' lang='lat' dir='ltr'><strong>vel</strong></span> <span class='ocrx_word' id='word_1_163' title='bbox 850 1807 1079 1879; x_wconf 83' lang='lat' dir='ltr'><strong>Latina,</strong></span> <span class='ocrx_word' id='word_1_164' title='bbox 1105 1824 1229 1887; x_wconf 77' lang='lat' dir='ltr'><strong>qnae</strong></span> <span class='ocrx_word' id='word_1_165' title='bbox 1250 1825 1355 1886; x_wconf 85' lang='lat' dir='ltr'><strong>per</strong></span> <span class='ocrx_word' id='word_1_166' title='bbox 1372 1824 1626 1867; x_wconf 87' lang='lat' dir='ltr'><strong>errorem</strong></span> <span class='ocrx_word' id='word_1_167' title='bbox 1648 1808 1812 1887; x_wconf 83' lang='lat' dir='ltr'><strong>qnasi</strong></span> <span class='ocrx_word' id='word_1_168' title='bbox 1830 1807 1965 1867; x_wconf 77' lang='lat' dir='ltr'><strong>civis</strong></span> <span class='ocrx_word' id='word_1_169' title='bbox 1982 1806 2215 1865; x_wconf 77' lang='lat' dir='ltr'><strong>Roman</strong></span> 
     </span>
     <span class='ocr_line' id='line_1_20' title="bbox 400 1899 2220 1973; baseline -0.002 -12"><span class='ocrx_word' id='word_1_170' title='bbox 400 1920 546 1961; x_wconf 81' lang='lat' dir='ltr'><strong>uxor</strong></span> <span class='ocrx_word' id='word_1_171' title='bbox 582 1899 748 1960; x_wconf 74' lang='lat' dir='ltr'><strong>ducta</strong></span> <span class='ocrx_word' id='word_1_172' title='bbox 783 1910 930 1961; x_wconf 83' lang='lat' dir='ltr'><strong>esset</strong></span> <span class='ocrx_word' id='word_1_173' title='bbox 943 1946 960 1973; x_wconf 88' lang='lat'><strong>,</strong></span> <span class='ocrx_word' id='word_1_174' title='bbox 1001 1906 1168 1959; x_wconf 84' lang='lat' dir='ltr'><strong>natus</strong></span> <span class='ocrx_word' id='word_1_175' title='bbox 1206 1908 1383 1971; x_wconf 60' lang='lat' dir='ltr'><strong>essen</strong></span> <span class='ocrx_word' id='word_1_176' title='bbox 1426 1918 1562 1959; x_wconf 81' lang='lat' dir='ltr'><strong>uam</strong></span> <span class='ocrx_word' id='word_1_177' title='bbox 1599 1902 1713 1960; x_wconf 80' lang='lat' dir='ltr'><strong>sive</strong></span> <span class='ocrx_word' id='word_1_178' title='bbox 1750 1899 1913 1960; x_wconf 83' lang='lat' dir='ltr'><strong>heres</strong></span> <span class='ocrx_word' id='word_1_179' title='bbox 1952 1901 2220 1959; x_wconf 77' lang='lat' dir='ltr'><strong>instituta</strong></span> 
     </span>
     <span class='ocr_line' id='line_1_21' title="bbox 399 1991 2221 2075; baseline 0 -22"><span class='ocrx_word' id='word_1_180' title='bbox 399 2001 548 2053; x_wconf 83' lang='lat' dir='ltr'><strong>esset</strong></span> <span class='ocrx_word' id='word_1_181' title='bbox 573 2012 610 2051; x_wconf 86' lang='lat' dir='ltr'><strong>a</strong></span> <span class='ocrx_word' id='word_1_182' title='bbox 646 2002 907 2073; x_wconf 84' lang='lat' dir='ltr'><strong>parente,</strong></span> <span class='ocrx_word' id='word_1_183' title='bbox 949 1994 1064 2053; x_wconf 79' lang='lat' dir='ltr'><strong>sive</strong></span> <span class='ocrx_word' id='word_1_184' title='bbox 1099 1991 1504 2068; x_wconf 81' lang='lat' dir='ltr'><strong>exheredatus,</strong></span> <span class='ocrx_word' id='word_1_185' title='bbox 1552 1995 1668 2054; x_wconf 83' lang='lat' dir='ltr'><strong>sive</strong></span> <span class='ocrx_word' id='word_1_186' title='bbox 1708 1994 1835 2053; x_wconf 79' lang='lat' dir='ltr'><strong>vivo</strong></span> <span class='ocrx_word' id='word_1_187' title='bbox 1871 2002 2028 2075; x_wconf 77' lang='lat' dir='ltr'><strong>petre</strong></span> <span class='ocrx_word' id='word_1_188' title='bbox 2068 2012 2221 2053; x_wconf 69' lang='lat' dir='ltr'><strong>euuss</strong></span> 
     </span>
     <span class='ocr_line' id='line_1_22' title="bbox 399 2084 2221 2167; baseline -0.002 -22"><span class='ocrx_word' id='word_1_189' title='bbox 399 2084 669 2166; x_wconf 74' lang='lat' dir='ltr'><strong>probata,</strong></span> <span class='ocrx_word' id='word_1_190' title='bbox 703 2087 818 2145; x_wconf 80' lang='lat' dir='ltr'><strong>sive</strong></span> <span class='ocrx_word' id='word_1_191' title='bbox 855 2093 985 2166; x_wconf 81' lang='lat' dir='ltr'><strong>post</strong></span> <span class='ocrx_word' id='word_1_192' title='bbox 1021 2092 1262 2144; x_wconf 88' lang='lat' dir='ltr'><strong>mortem</strong></span> <span class='ocrx_word' id='word_1_193' title='bbox 1295 2086 1417 2164; x_wconf 88' lang='lat' dir='ltr'><strong>ejus</strong></span> <span class='ocrx_word' id='word_1_194' title='bbox 1438 2129 1453 2157; x_wconf 91' lang='lat'><strong>,</strong></span> <span class='ocrx_word' id='word_1_195' title='bbox 1490 2084 1818 2146; x_wconf 86' lang='lat' dir='ltr'><strong>omnimodo</strong></span> <span class='ocrx_word' id='word_1_196' title='bbox 1859 2086 2017 2167; x_wconf 81' lang='lat' dir='ltr'><strong>quasi</strong></span> <span class='ocrx_word' id='word_1_197' title='bbox 2054 2106 2221 2166; x_wconf 76' lang='lat' dir='ltr'><strong>agna-</strong></span> 
     </span>
     <span class='ocr_line' id='line_1_23' title="bbox 399 2180 2221 2263; baseline 0.002 -25"><span class='ocrx_word' id='word_1_198' title='bbox 399 2180 554 2239; x_wconf 84' lang='lat' dir='ltr'><strong>tione</strong></span> <span class='ocrx_word' id='word_1_199' title='bbox 592 2180 896 2261; x_wconf 83' lang='lat' dir='ltr'><strong>rumpebat</strong></span> <span class='ocrx_word' id='word_1_200' title='bbox 921 2186 1342 2240; x_wconf 85' lang='lat' dir='ltr'><strong>testamentum.</strong></span> <span class='ocrx_word' id='word_1_201' title='bbox 1434 2191 1591 2242; x_wconf 75' lang='lat'><strong>148.</strong></span> <span class='ocrx_word' id='word_1_202' title='bbox 1634 2181 1797 2242; x_wconf 87' lang='lat' dir='ltr'><strong>Nunc</strong></span> <span class='ocrx_word' id='word_1_203' title='bbox 1825 2202 1954 2242; x_wconf 84' lang='lat' dir='ltr'><strong>vero</strong></span> <span class='ocrx_word' id='word_1_204' title='bbox 1994 2200 2061 2241; x_wconf 87' lang='lat' dir='ltr'><strong>ex</strong></span> <span class='ocrx_word' id='word_1_205' title='bbox 2087 2200 2221 2263; x_wconf 57' lang='lat' dir='ltr'><strong>novt</strong></span> 
     </span>
     <span class='ocr_line' id='line_1_24' title="bbox 402 2263 2220 2353; baseline 0.001 -21"><span class='ocrx_word' id='word_1_206' title='bbox 402 2270 891 2333; x_wconf 85' lang='lat' dir='ltr'><strong>senatusconsulto</strong></span> <span class='ocrx_word' id='word_1_207' title='bbox 917 2270 1069 2353; x_wconf 88' lang='lat' dir='ltr'><strong>quod</strong></span> <span class='ocrx_word' id='word_1_208' title='bbox 1109 2263 1340 2332; x_wconf 71' lang='lat' dir='ltr'><strong>auc&#39;fore</strong></span> <span class='ocrx_word' id='word_1_209' title='bbox 1377 2270 1503 2333; x_wconf 86' lang='lat' dir='ltr'><strong>divo</strong></span> <span class='ocrx_word' id='word_1_210' title='bbox 1543 2274 1832 2335; x_wconf 84' lang='lat' dir='ltr'><strong>Hadriano</strong></span> <span class='ocrx_word' id='word_1_211' title='bbox 1873 2272 2071 2334; x_wconf 77' lang='lat' dir='ltr'><strong>factum</strong></span> <span class='ocrx_word' id='word_1_212' title='bbox 2114 2286 2220 2333; x_wconf 79' lang='lat' dir='ltr'><strong>est</strong></span> 
     </span>
     <span class='ocr_line' id='line_1_25' title="bbox 402 2364 2219 2449; baseline -0.001 -23"><span class='ocrx_word' id='word_1_213' title='bbox 402 2365 684 2446; x_wconf 86' lang='lat' dir='ltr'><strong>siquidem</strong></span> <span class='ocrx_word' id='word_1_214' title='bbox 711 2369 835 2426; x_wconf 82' lang='lat' dir='ltr'><strong>vivo</strong></span> <span class='ocrx_word' id='word_1_215' title='bbox 863 2374 1025 2447; x_wconf 75' lang='lat' dir='ltr'><strong>patre</strong></span> <span class='ocrx_word' id='word_1_216' title='bbox 1053 2384 1226 2427; x_wconf 85' lang='lat' dir='ltr'><strong>causa</strong></span> <span class='ocrx_word' id='word_1_217' title='bbox 1262 2364 1566 2447; x_wconf 80' lang='lat' dir='ltr'><strong>probatur,</strong></span> <span class='ocrx_word' id='word_1_218' title='bbox 1601 2386 1759 2449; x_wconf 76' lang='lat' dir='ltr'><strong>teque</strong></span> <span class='ocrx_word' id='word_1_219' title='bbox 1786 2376 1849 2427; x_wconf 90' lang='lat' dir='ltr'><strong>nt</strong></span> <span class='ocrx_word' id='word_1_220' title='bbox 1882 2367 2009 2427; x_wconf 84' lang='lat' dir='ltr'><strong>olim</strong></span> <span class='ocrx_word' id='word_1_221' title='bbox 2046 2372 2219 2427; x_wconf 88' lang='lat' dir='ltr'><strong>omni-</strong></span> 
     </span>
     <span class='ocr_line' id='line_1_26' title="bbox 331 2459 2219 2543; baseline 0.001 -24"><span class='ocrx_word' id='word_1_222' title='bbox 331 2528 342 2537; x_wconf 32' lang='lat'><em>„</em></span> <span class='ocrx_word' id='word_1_223' title='bbox 403 2459 575 2519; x_wconf 88' lang='lat' dir='ltr'><strong>modo</strong></span> <span class='ocrx_word' id='word_1_224' title='bbox 614 2462 830 2541; x_wconf 86' lang='lat' dir='ltr'><strong>rumpit</strong></span> <span class='ocrx_word' id='word_1_225' title='bbox 867 2468 1313 2521; x_wconf 81' lang='lat' dir='ltr'><strong>testamentum:</strong></span> <span class='ocrx_word' id='word_1_226' title='bbox 1344 2463 1395 2519; x_wconf 87' lang='lat' dir='ltr'><strong>si</strong></span> <span class='ocrx_word' id='word_1_227' title='bbox 1433 2479 1566 2521; x_wconf 84' lang='lat' dir='ltr'><strong>vero</strong></span> <span class='ocrx_word' id='word_1_228' title='bbox 1603 2470 1731 2543; x_wconf 76' lang='lat' dir='ltr'><strong>post</strong></span> <span class='ocrx_word' id='word_1_229' title='bbox 1766 2472 1998 2521; x_wconf 85' lang='lat' dir='ltr'><strong>mortem</strong></span> <span class='ocrx_word' id='word_1_230' title='bbox 2026 2465 2219 2543; x_wconf 57' lang='lat' dir='ltr'><strong>patris,</strong></span> 
     </span>
     <span class='ocr_line' id='line_1_27' title="bbox 402 2552 2219 2635; baseline 0.002 -22"><span class='ocrx_word' id='word_1_231' title='bbox 402 2554 720 2635; x_wconf 66' lang='lat' dir='ltr'><strong>praeteritus</strong></span> <span class='ocrx_word' id='word_1_232' title='bbox 749 2552 975 2633; x_wconf 87' lang='lat' dir='ltr'><strong>quidem</strong></span> <span class='ocrx_word' id='word_1_233' title='bbox 997 2555 1215 2634; x_wconf 86' lang='lat' dir='ltr'><strong>rumpit</strong></span> <span class='ocrx_word' id='word_1_234' title='bbox 1234 2561 1663 2625; x_wconf 82' lang='lat' dir='ltr'><strong>testamentum;</strong></span> <span class='ocrx_word' id='word_1_235' title='bbox 1686 2556 1886 2615; x_wconf 79' lang='lat' dir='ltr'><strong>sivero</strong></span> <span class='ocrx_word' id='word_1_236' title='bbox 1900 2554 2055 2615; x_wconf 82' lang='lat' dir='ltr'><strong>heres</strong></span> <span class='ocrx_word' id='word_1_237' title='bbox 2080 2558 2141 2613; x_wconf 88' lang='lat' dir='ltr'><strong>in</strong></span> <span class='ocrx_word' id='word_1_238' title='bbox 2164 2576 2219 2617; x_wconf 65' lang='lat' dir='ltr'><strong>eo</strong></span> 
     </span>
     <span class='ocr_line' id='line_1_28' title="bbox 401 2646 2219 2728; baseline 0.001 -20"><span class='ocrx_word' id='word_1_239' title='bbox 401 2648 647 2728; x_wconf 82' lang='lat' dir='ltr'><strong>scriptus</strong></span> <span class='ocrx_word' id='word_1_240' title='bbox 673 2655 758 2707; x_wconf 89' lang='lat' dir='ltr'><strong>est</strong></span> <span class='ocrx_word' id='word_1_241' title='bbox 783 2646 872 2707; x_wconf 80' lang='lat' dir='ltr'><strong>vel</strong></span> <span class='ocrx_word' id='word_1_242' title='bbox 899 2646 1297 2722; x_wconf 78' lang='lat' dir='ltr'><strong>exheredatus,</strong></span> <span class='ocrx_word' id='word_1_243' title='bbox 1328 2667 1447 2708; x_wconf 91' lang='lat' dir='ltr'><strong>non</strong></span> <span class='ocrx_word' id='word_1_244' title='bbox 1474 2648 1690 2728; x_wconf 87' lang='lat' dir='ltr'><strong>rumpit</strong></span> <span class='ocrx_word' id='word_1_245' title='bbox 1712 2656 2121 2723; x_wconf 83' lang='lat' dir='ltr'><strong>testamentum,</strong></span> <span class='ocrx_word' id='word_1_246' title='bbox 2156 2670 2219 2711; x_wconf 66' lang='lat' dir='ltr'><strong>nt</strong></span> 
     </span>
     <span class='ocr_line' id='line_1_29' title="bbox 401 2739 2219 2821; baseline 0.003 -20"><span class='ocrx_word' id='word_1_247' title='bbox 401 2740 614 2801; x_wconf 80' lang='lat' dir='ltr'><strong>scilieet</strong></span> <span class='ocrx_word' id='word_1_248' title='bbox 637 2739 937 2821; x_wconf 81' lang='lat' dir='ltr'><strong>diligenter</strong></span> <span class='ocrx_word' id='word_1_249' title='bbox 963 2740 1114 2802; x_wconf 81' lang='lat' dir='ltr'><strong>fectu</strong></span> <span class='ocrx_word' id='word_1_250' title='bbox 1139 2750 1479 2803; x_wconf 79' lang='lat' dir='ltr'><strong>testamenta</strong></span> <span class='ocrx_word' id='word_1_251' title='bbox 1519 2741 1969 2805; x_wconf 73' lang='lat' dir='ltr'><strong>rescinderentur</strong></span> <span class='ocrx_word' id='word_1_252' title='bbox 1996 2762 2053 2804; x_wconf 82' lang='lat' dir='ltr'><strong>eo</strong></span> <span class='ocrx_word' id='word_1_253' title='bbox 2080 2751 2219 2806; x_wconf 79' lang='lat' dir='ltr'><strong>tem</strong></span> 
     </span>
     <span class='ocr_line' id='line_1_30' title="bbox 403 2836 1393 2918; baseline -0.001 -20"><span class='ocrx_word' id='word_1_254' title='bbox 403 2854 545 2918; x_wconf 85' lang='lat' dir='ltr'><strong>pore</strong></span> <span class='ocrx_word' id='word_1_255' title='bbox 571 2854 682 2917; x_wconf 73' lang='lat' dir='ltr'><strong>quo</strong></span> <span class='ocrx_word' id='word_1_256' title='bbox 708 2836 972 2895; x_wconf 86' lang='lat' dir='ltr'><strong>renovari</strong></span> <span class='ocrx_word' id='word_1_257' title='bbox 1000 2856 1117 2895; x_wconf 90' lang='lat' dir='ltr'><strong>non</strong></span> <span class='ocrx_word' id='word_1_258' title='bbox 1145 2844 1393 2917; x_wconf 76' lang='lat' dir='ltr'><strong>possent.</strong></span> 
     </span>
    </p>

    <p class='ocr_par' dir='ltr' id='par_1_5' title="bbox 404 2928 2217 3105">
     <span class='ocr_line' id='line_1_31' title="bbox 489 2928 2217 3012; baseline 0.001 -21.056"><span class='ocrx_word' id='word_1_259' title='bbox 489 2939 649 2991; x_wconf 58' lang='lat' dir='ltr'><strong>1ss</strong></span> <span class='ocrx_word' id='word_1_260' title='bbox 683 2929 995 2989; x_wconf 84' lang='lat' dir='ltr'><strong>Posteriore</strong></span> <span class='ocrx_word' id='word_1_261' title='bbox 1029 2950 1257 3011; x_wconf 86' lang='lat' dir='ltr'><strong>quoque</strong></span> <span class='ocrx_word' id='word_1_262' title='bbox 1286 2932 1650 3003; x_wconf 79' lang='lat' dir='ltr'><strong>testamento,</strong></span> <span class='ocrx_word' id='word_1_263' title='bbox 1684 2928 1835 3012; x_wconf 86' lang='lat' dir='ltr'><strong>quod</strong></span> <span class='ocrx_word' id='word_1_264' title='bbox 1864 2932 1985 3011; x_wconf 86' lang='lat' dir='ltr'><strong>jure</strong></span> <span class='ocrx_word' id='word_1_265' title='bbox 2014 2929 2217 2993; x_wconf 79' lang='lat' dir='ltr'><strong>factum</strong></span> 
     </span>
     <span class='ocr_line' id='line_1_32' title="bbox 404 3023 2217 3105; baseline 0.001 -19"><span class='ocrx_word' id='word_1_266' title='bbox 404 3030 514 3097; x_wconf 74' lang='lat' dir='ltr'><strong>est,</strong></span> <span class='ocrx_word' id='word_1_267' title='bbox 547 3024 808 3103; x_wconf 80' lang='lat' dir='ltr'><strong>superius</strong></span> <span class='ocrx_word' id='word_1_268' title='bbox 841 3024 1142 3105; x_wconf 86' lang='lat' dir='ltr'><strong>rumpitur.</strong></span> <span class='ocrx_word' id='word_1_269' title='bbox 1176 3023 1290 3084; x_wconf 83' lang='lat' dir='ltr'><strong>Nec</strong></span> <span class='ocrx_word' id='word_1_270' title='bbox 1317 3024 1549 3085; x_wconf 85' lang='lat' dir='ltr'><strong>interest</strong></span> <span class='ocrx_word' id='word_1_271' title='bbox 1576 3044 1651 3084; x_wconf 88' lang='lat' dir='ltr'><strong>an</strong></span> <span class='ocrx_word' id='word_1_272' title='bbox 1680 3027 1918 3085; x_wconf 83' lang='lat' dir='ltr'><strong>extiterit</strong></span> <span class='ocrx_word' id='word_1_273' title='bbox 1940 3024 2123 3105; x_wconf 81' lang='lat' dir='ltr'><strong>aliquis</strong></span> <span class='ocrx_word' id='word_1_274' title='bbox 2152 3048 2217 3087; x_wconf 80' lang='lat' dir='ltr'><strong>ex</strong></span> 
     </span>
    </p>
   </div>
   <div class='ocr_carea' id='block_1_5' title="bbox 402 3115 2216 3295">
    <p class='ocr_par' dir='ltr' id='par_1_6' title="bbox 402 3115 2216 3295">
     <span class='ocr_line' id='line_1_33' title="bbox 403 3115 2216 3200; baseline 0.003 -24"><span class='ocrx_word' id='word_1_275' title='bbox 403 3136 471 3176; x_wconf 90' lang='lat' dir='ltr'><strong>eo</strong></span> <span class='ocrx_word' id='word_1_276' title='bbox 498 3115 692 3187; x_wconf 82' lang='lat' dir='ltr'><strong>heres,</strong></span> <span class='ocrx_word' id='word_1_277' title='bbox 724 3138 796 3176; x_wconf 83' lang='lat' dir='ltr'><strong>an</strong></span> <span class='ocrx_word' id='word_1_278' title='bbox 829 3137 944 3176; x_wconf 90' lang='lat' dir='ltr'><strong>non</strong></span> <span class='ocrx_word' id='word_1_279' title='bbox 973 3118 1251 3187; x_wconf 76' lang='lat' dir='ltr'><strong>extiterit3</strong></span> <span class='ocrx_word' id='word_1_280' title='bbox 1282 3116 1390 3178; x_wconf 85' lang='lat' dir='ltr'><strong>hoc</strong></span> <span class='ocrx_word' id='word_1_281' title='bbox 1419 3120 1574 3178; x_wconf 88' lang='lat' dir='ltr'><strong>enim</strong></span> <span class='ocrx_word' id='word_1_282' title='bbox 1606 3117 1790 3178; x_wconf 80' lang='lat' dir='ltr'><strong>solnm</strong></span> <span class='ocrx_word' id='word_1_283' title='bbox 1819 3126 2108 3200; x_wconf 78' lang='lat' dir='ltr'><strong>spectatur,</strong></span> <span class='ocrx_word' id='word_1_284' title='bbox 2140 3142 2216 3181; x_wconf 83' lang='lat' dir='ltr'><strong>an</strong></span> 
     </span>
     <span class='ocr_line' id='line_1_34' title="bbox 402 3205 2216 3295; baseline 0.002 -30"><span class='ocrx_word' id='word_1_285' title='bbox 402 3206 638 3265; x_wconf 85' lang='lat' dir='ltr'><strong>existere</strong></span> <span class='ocrx_word' id='word_1_286' title='bbox 665 3206 930 3285; x_wconf 84' lang='lat' dir='ltr'><strong>potuerit.</strong></span> <span class='ocrx_word' id='word_1_287' title='bbox 963 3205 1208 3287; x_wconf 86' lang='lat' dir='ltr'><strong>Ideoque</strong></span> <span class='ocrx_word' id='word_1_288' title='bbox 1238 3208 1287 3265; x_wconf 81' lang='lat' dir='ltr'><strong>si</strong></span> <span class='ocrx_word' id='word_1_289' title='bbox 1314 3208 1441 3287; x_wconf 83' lang='lat' dir='ltr'><strong>quis</strong></span> <span class='ocrx_word' id='word_1_290' title='bbox 1460 3227 1531 3267; x_wconf 87' lang='lat' dir='ltr'><strong>ex</strong></span> <span class='ocrx_word' id='word_1_291' title='bbox 1548 3209 1859 3295; x_wconf 72' lang='lat' dir='ltr'><strong>posteriore</strong></span> <span class='ocrx_word' id='word_1_292' title='bbox 1878 3216 2179 3269; x_wconf 68' lang='lat' dir='ltr'><strong>testamento</strong></span> <span class='ocrx_word' id='word_1_293' title='bbox 2196 3258 2216 3279; x_wconf 42' lang='lat'><strong>,2</strong></span> 
     </span>
    </p>
   </div>
   <div class='ocr_carea' id='block_1_6' title="bbox 402 3296 2216 3379">
    <p class='ocr_par' dir='ltr' id='par_1_7' title="bbox 402 3296 2216 3379">
     <span class='ocr_line' id='line_1_35' title="bbox 402 3296 2216 3379; baseline 0.003 -20"><span class='ocrx_word' id='word_1_294' title='bbox 402 3296 556 3379; x_wconf 89' lang='lat' dir='ltr'><strong>quod</strong></span> <span class='ocrx_word' id='word_1_295' title='bbox 583 3299 716 3379; x_wconf 86' lang='lat' dir='ltr'><strong>jure</strong></span> <span class='ocrx_word' id='word_1_296' title='bbox 755 3296 968 3361; x_wconf 77' lang='lat' dir='ltr'><strong>factum</strong></span> <span class='ocrx_word' id='word_1_297' title='bbox 1005 3307 1118 3372; x_wconf 87' lang='lat' dir='ltr'><strong>est,</strong></span> <span class='ocrx_word' id='word_1_298' title='bbox 1165 3306 1263 3359; x_wconf 86' lang='lat' dir='ltr'><strong>aut</strong></span> <span class='ocrx_word' id='word_1_299' title='bbox 1298 3300 1545 3363; x_wconf 87' lang='lat' dir='ltr'><strong>noluerit</strong></span> <span class='ocrx_word' id='word_1_300' title='bbox 1590 3301 1755 3362; x_wconf 85' lang='lat' dir='ltr'><strong>heres</strong></span> <span class='ocrx_word' id='word_1_301' title='bbox 1787 3322 1935 3377; x_wconf 83' lang='lat' dir='ltr'><strong>esse,</strong></span> <span class='ocrx_word' id='word_1_302' title='bbox 1968 3310 2052 3361; x_wconf 80' lang='lat' dir='ltr'><strong>aut</strong></span> <span class='ocrx_word' id='word_1_303' title='bbox 2089 3304 2216 3368; x_wconf 58' lang='lat' dir='ltr'><strong>vivo&lt;</strong></span> 
     </span>
    </p>
   </div>
  </div>
 </body>
</html>
