2292 3684
638 157 851 202 nister.
883 161 957 202 nn
990 161 1516 205 nmmssiomsus.
1895 147 2000 203 87³

156 255 480 321 coloniariis
512 262 637 343 qui,
671 283 802 324 cum
838 273 1025 326 essent
1050 267 1198 326 cives
1225 266 1468 328 Romani
1504 265 1692 328 liberti
1725 265 1846 348 (l),
1877 285 1998 327 no·-

158 369 291 424 men
321 373 489 414 suum
517 355 581 414 in
603 353 885 418 coloniam
915 357 1203 419 dederant.

238 457 306 508 v.
351 450 475 526 [α]
513 449 581 509 In
615 449 707 510 his
748 453 849 532 qui
886 453 1038 512 inter
1080 453 1294 512 amicos
1333 453 1843 523 manumittuntur,
1892 469 1998 510 vo-

156 535 348 598 luntas
372 539 590 601 domini
616 551 939 624 spectatur:
972 543 1064 605 lex
1092 547 1246 606 enim
1273 545 1449 604 sunia
1475 564 1573 605 eos
1609 544 1734 604 fieri
1767 545 1998 605 Latinos
2109 555 2124 571 ·

148 631 338 711 jubet,
372 653 515 715 quos
550 635 815 698 dominus
848 637 1061 699 liberos
1104 658 1230 700 esse
1273 638 1465 699 voluit,
1513 639 1634 699 Hoc
1661 657 1790 699 cum
1817 639 1898 698 ita
1937 659 1996 698 se

154 723 390 801 habeat,
420 725 587 789 debet
614 728 960 792 voluntatem
980 732 1430 792 manumittentis
1454 729 1667 791 habere
1689 730 1955 790 dominus
1979 751 1992 788 ε

154 819 307 879 unde
336 821 383 879 si
410 839 517 902 per
542 823 657 881 vim
683 831 935 899 coactus,
977 825 1136 884 verbi
1171 825 1355 906 gratia
1374 869 1390 896 ‚
1423 822 1498 883 ab
1527 823 1721 904 aliquo
1747 821 1992 904 populo,

154 910 244 972 vel
278 932 315 973 a
355 913 596 996 singulis
629 915 997 990 hominibus,
1030 919 1455 990 manumiserit,
1497 937 1615 978 non
1653 919 1836 976 veniet
1877 935 1998 976 ser-

148 1023 255 1065 vus
288 1005 365 1065 ad
388 1004 743 1082 libertatem,
776 1011 911 1091 quia
938 1030 1061 1070 non·
1084 1010 1423 1092 intelligitur
1450 1008 1731 1081 voluisse,
1763 1010 1862 1090 qui
1900 1029 1998 1069 co·

152 1107 315 1160 actus
342 1107 427 1162 est
452 1105 919 1184 [manumittere]
950 1122 957 1130 “

234 1203 303 1254 0.
346 1191 517 1277 [Ια]
555 1196 825 1258 Similiter
860 1207 921 1258 ut
952 1200 1129 1280 possit
1157 1197 1374 1258 habere
1413 1217 1610 1258 servus
1641 1194 1996 1272 libertatem,

150 1289 283 1350 talis
310 1311 433 1352 esse
460 1291 657 1368 debet,
700 1303 761 1354 ut
803 1305 1014 1378 pretor
1046 1295 1137 1356 vel
1179 1293 1489 1377 proconsul
1523 1291 1844 1354 libertatem
1877 1295 1999 1373 ejus

148 1390 401 1457 tueatur3
436 1403 574 1446 nam
611 1395 665 1446 et
699 1387 809 1448 hoc
847 1387 973 1470 lege
1007 1389 1182 1448 sunia
1211 1397 1440 1448 cautum
1469 1395 1553 1447 est
1589 1409 1604 1446 :
1638 1392 1771 1445 sunt
1807 1394 1997 1446 autem

149 1475 349 1556 plures
376 1497 590 1564 caussa,
627 1481 690 1539 in
721 1478 929 1561 quihus
958 1479 1265 1561 proconsul
1291 1480 1612 1541 libertatem
1640 1497 1756 1538 non
1787 1486 1996 1552 tuetur,

148 1568 218 1630 de
246 1569 459 1652 quibus
487 1573 852 1653 procedentes
880 1574 1261 1635 ostendemus

233 1675 303 1726 9.
338 1668 511 1745 [n.]
539 1667 647 1728 Sed
676 1676 732 1728 et
758 1667 899 1728 illud
925 1667 1377 1740 observandum,
1417 1677 1481 1728 ut
1515 1669 1615 1748 qui
1650 1667 1999 1726 manumitti-

148 1765 245 1820 tur
286 1761 350 1819 in
393 1759 565 1821 bonis
600 1763 1053 1821 manumittentis
1103 1762 1255 1841 (sit);
1297 1768 1351 1820 et
1395 1759 1522 1821 ideo
1571 1761 1620 1819 si
1639 1769 1888 1826 *tantum
1931 1779 2000 1818 ex

142 1855 278 1934 jure
313 1853 619 1925 Quiritium
658 1858 729 1916 sit
764 1857 1248 1928 manumittentis,
1287 1874 1402 1915 non
1441 1855 1548 1914 erit
1581 1855 1814 1913 Latinus
1847 1874 1862 1913 ι
1894 1872 2003 1913 ne-

148 1966 305 2008 cesse
332 1955 416 2008 est
442 1967 577 2029 ergo
602 1969 829 2009 servum
866 1967 984 2010 non
1015 1957 1238 2009 tantum
1265 1969 1334 2009 ex
1355 1949 1488 2028 jure
1517 1946 1855 2028 Quiritium,
1897 1947 1995 2008 sed

150 2041 325 2101 etiam
355 2041 419 2100 in
447 2040 615 2102 bonis
642 2061 781 2103 esse.
891 2093 905 2116 ,

236 2144 357 2197 10.
396 2131 567 2220 [12]
592 2135 927 2196 Communis
954 2155 1149 2198 servus
1182 2134 1256 2216 (si
1293 2133 1369 2195 ab
1402 2153 1522 2195 uno
1556 2136 1837 2195 sociorum
1862 2136 1999 2195 vin-

148 2225 309 2288 dicta
357 2229 849 2304 manumittatur,
893 2247 1077 2310 neque
1122 2226 1586 2308 manumissoris)
1627 2226 1690 2286 fit
1728 2224 1998 2299 libertus,

144 2341 335 2402 neque
371 2321 443 2381 ad
480 2321 801 2384 libertatem
842 2325 1101 2404 pervenit
1120 2369 1135 2395 ,
1188 2322 1313 2404 (sed
1341 2323 1732 2383 manumissor
1760 2327 1998 2401 partem

150 2433 321 2476 naam
362 2417 649 2496 amittit,)
696 2425 751 2476 et
789 2414 1019 2476 alterius
1066 2415 1286 2475 domini
1334 2423 1484 2476 totus
1529 2413 1594 2474 fit
1643 2433 1835 2474 servus
1869 2415 2002 2495 jure

152 2517 441 2570 crescente
482 2507 590 2590 (2).
633 2509 743 2570 Sed
778 2511 930 2591 inter
965 2510 1179 2570 amicos
1219 2529 1413 2569 servus
1449 2509 1524 2569 ab
1571 2526 1688 2568 uno
1729 2527 1797 2567 ex
1839 2507 2006 2566 sociis

150 2603 575 2676 manumissus,
604 2621 801 2662 servus
828 2599 1107 2674 manebit,
1136 2605 1238 2678 (st)
1261 2603 1486 2683 utrique
1511 2598 2000 2660 dominabuntur:

147 2696 375 2777 justum
402 2697 559 2756 enim
581 2715 700 2766 non
729 2695 1051 2757 adcrescere
1076 2698 1141 2754 in
1171 2694 1278 2756 hac
1304 2695 1776 2765 manumissione,
1803 2694 1865 2750 in
1892 2711 2008 2773 qua

148 2791 414 2862 vertitur3
459 2791 563 2851 etsi
602 2789 879 2851 Proculus
918 2790 1322 2850 existimaverit
1357 2788 1684 2849 adcrescere
1720 2789 1872 2846 inter
1915 2801 2004 2845 so-

152 2882 301 2955 cios,
330 2899 451 2942 non
477 2901 544 2941 ea
571 2884 849 2942 sententia
876 2883 1090 2942 utimur
1117 2879 1224 2962 (3).

242 2975 580 3062 ll.[18.]
627 2977 1043 3060 Proprietarius
1094 2997 1227 3038 eum
1263 2994 1518 3047 servum,
1559 2974 1722 3053 eujus
1769 2991 1905 3033 usus
1949 2981 2005 3032 et

331 3228 433 3274 voa
457 3225 615 3276 ciba-n·
636 3227 739 3275 dl
742 3227 887 3276 ndav
890 3225 965 3273 ide
968 3238 1045 3273 ιιιι·

238 3227 297 3416 2¹}
323 3291 463 3338 Potin
510 3293 649 3354 :jure
673 3291 881 3339 aeden-esc
884 3290 983 3338 ndi.

218 3353 273 3416 (³
328 3305 487 3400 [ocus.
501 3367 763 3417 corruptus.

1631 3427 1716 3481 49.
