2292 3684
166 116 323 157 Just.
353 117 499 159 ins-r.
532 118 587 159 ι.
610 117 651 171 1,
677 117 730 158 τ.
754 116 893 170 xvu,
924 116 1091 157 xvm.
1120 117 1193 157 ne
1214 116 1336 157 nee.
1356 118 1539 172 rare„
1564 118 1832 162 mixtur.
1875 106 1968 160 tot

122 218 453 279 deminutio
508 220 873 291 interveniat;
933 228 1125 279 manet
1183 222 1337 281 enim
1401 224 1674 302 cognatio.
1727 222 1872 281 Nam
1929 216 2000 283 si'

124 318 389 374 maxima
414 316 617 395 capitis
646 313 958 375 deminutio
993 316 1275 390 incurrat,
1301 317 1398 395 jus
1427 337 1653 398 quoque
1679 319 1980 400 cognatio-

122 410 229 467 nis
256 410 427 488 perit,
457 416 520 467 ut
547 416 683 489 puta
708 410 972 468 servitute
1000 407 1242 489 alicujus
1271 412 1600 491 cognati;·et
1623 429 1696 469 ne
1724 410 1973 491 quidem,

122 504 185 561 si
222 504 613 561 manumissus
654 502 852 575 fuerit,
894 505 1097 584 recipit
1139 508 1558 584 cognationem.
1593 503 1702 564 Sed
1741 516 1796 565 et
1832 506 1881 565 si
1917 507 1976 565 in

122 595 391 655 insulam
418 597 549 676 quis
574 595 901 676 deportatus
928 598 1017 669 sit,
1050 598 1314 677 cognatio
1343 596 1600 657 solvitur.

222 698 287 749 v.
322 688 469 749 Cum
497 697 681 747 autem
712 688 783 748 ad
814 688 1089 769 adgnatos
1116 687 1292 748 tutela
1319 690 1617 769 pertineat,
1661 708 1778 750 non
1807 688 1983 750 simul

132 781 213 841 ad
264 802 462 843 omnes
506 783 780 863 pertinet,
827 782 925 842 sed
966 782 1037 843 ad
1080 802 1176 842 eos
1222 790 1447 841 tantum
1487 786 1585 863 qui
1633 784 1978 864 proximiore

135 877 327 958 gradu
349 885 495 948 sunt,
516 876 622 947 vel,
646 878 695 935 si
724 876 915 957 plures
944 876 1196 956 ejusdem
1225 875 1436 957 gradus
1457 886 1612 949 sunt,
1633 876 1705 937 ad
1735 897 1931 937 omnes
1957 899 1970 937 t

132 970 315 1029 veluti
351 972 397 1029 si
427 968 623 1051 plures
652 969 855 1029 fratres
892 977 1027 1029 sunt
1065 972 1164 1051 qui
1205 989 1387 1030 unum
1417 971 1662 1053 gradum
1687 970 1974 1045 obtinent,

126 1064 379 1147 ideoque
410 1065 627 1146 pariter
652 1064 722 1124 ad
750 1064 986 1126 tutelam
1014 1071 1293 1125 vocantur
1323 1064 1428 1146 (1).

390 1216 510 1277 Trr.
546 1194 829 1277 Xv11.'nz
852 1233 1103 1277 mannua
1130 1233 1478 1277 raraomoamt
1505 1232 1716 1277 wreus.

214 1349 301 1409 Ex
323 1348 523 1409 eadem
544 1348 667 1431 lege
688 1348 983 1409 duodecim
1006 1347 1352 1421 tabularum,
1373 1346 1710 1409 libertorum
1731 1357 1786 1407 et
1808 1346 1981 1407 liberb

136 1454 325 1504 tarum
350 1444 525 1505 tutela
545 1444 614 1504 ad
637 1453 907 1525 patronos
924 1442 1250 1525 liberosque
1270 1462 1466 1503 eorum
1491 1444 1749 1523 pertinet.
1775 1440 1909 1511 Quoe
1928 1451 1986 1501 et

126 1540 259 1619 ipsa
285 1537 543 1618 legitima
567 1536 743 1598 tutela
764 1548 1011 1609 vocatur,
1034 1558 1150 1597 non
1177 1538 1312 1617 quia
1334 1536 1672 1595 nominatim
1691 1536 1751 1594 in
1771 1554 1838 1593 ea
1857 1533 1979 1616 lege

128 1634 201 1693 de
228 1632 343 1693 hac
368 1633 547 1693 tutela
573 1642 853 1705 caveatur,
880 1632 978 1693 sed
996 1635 1130 1713 quia
1153 1630 1388 1712 perinde
1408 1637 1639 1712 accepta
1659 1638 1744 1691 est
1771 1649 1874 1711 per
1893 1631 1980 1688 in-

128 1729 633 1807 terpretationem,
668 1736 837 1807 atque
866 1728 915 1784 si
944 1724 1132 1785 verbis
1161 1724 1301 1806 legis
1343 1724 1661 1784 introducta
1699 1731 1862 1784 esset.
1897 1724 1979 1783 Eo

134 1824 291 1881 enim
308 1823 439 1901 ipso
460 1821 612 1903 quod
628 1820 965 1881 hereditates
985 1818 1320 1881 libertorum
1339 1818 1807 1900 libertarumque‚
1821 1822 1867 1879 si
1887 1820 1978 1879 in-

134 1916 323 1975 testati
340 1913 729 1986 decessissent,
736 1916 983 1993 jusserat
998 1911 1089 1973 lex
1106 1912 1178 1973 ad
1200 1911 1470 1994 patronos
1485 1912 1764 1973 liberosve
1783 1932 1980 1973 eorum

126 2010 447 2089 pertinere,
463 2007 819 2067 erediderunt
832 2018 1043 2067 veteres
1052 2006 1293 2067 voluisse
1308 2006 1490 2087 legem
1504 2009 1672 2066 etiam
1688 2005 1890 2067 tutelas
1906 2006 1978 2065 ad

126 2123 231 2163 eos
253 2104 541 2183 pertinere
565 2121 578 2161 z
600 2121 731 2161 cum
755 2111 809 2161 et
833 2101 1105 2183 adgnatos
1129 2122 1268 2182 quos
1287 2101 1356 2160 ad
1381 2100 1744 2161 hereditatem
1767 2098 1858 2159 lex
1888 2119 1980 2160 vo·

126 2206 241 2265 eat,
258 2196 561 2281 eosdempt
574 2204 787 2257 tutores
803 2215 925 2256 esse
935 2197 1129 2275 jussit3
1149 2198 1284 2276 quia
1300 2196 1638 2276 plerumque
1653 2193 1754 2253 ubi
1774 2214 1980 2255 succes-

128 2294 319 2351 sionis
344 2298 425 2352 est
450 2290 913 2363 emolumentum,
936 2290 1017 2351 ibi
1038 2298 1093 2351 et
1118 2290 1303 2351 tuteloe
1322 2309 1467 2350 onus
1494 2309 1614 2349 esse
1642 2288 1822 2349 debet.
1849 2287 1981 2348 Ideo

134 2400 331 2449 autem
348 2389 592 2448 diximus
620 2406 947 2458 renuuntque,
967 2389 1100 2468 quia
1121 2388 1182 2469 si·
1197 2407 1230 2445 a
1258 2386 1470 2447 femina
1489 2384 1755 2467 impubes
1774 2404 1980 2444 manu-

136 2484 415 2554 mittatur,
444 2483 573 2563 ipsa
598 2482 669 2541 ad
698 2480 1067 2541 hereditatem
1094 2488 1344 2551 vocatur,
1368 2498 1498 2539 eum
1527 2478 1674 2538 alins
1701 2480 1774 2537 sit
1798 2468 1976 2542 tutor'.

428 2634 539 2695 Τιτ.
573 2632 758 2694 xvm.
792 2633 873 2697 De
900 2652 1147 2695 Leonum
1175 2651 1469 2695 Panem-wit
1495 2648 1711 2693 rursm.

214 2762 499 2844 Exemplo
528 2773 899 2846 patronorum
927 2772 1155 2844 recepta
1183 2772 1270 2823 est
1303 2772 1358 2823 et
1398 2762 1511 2823 alia
1543 2760 1742 2835 tutela,
1773 2780 1900 2843 quae
1928 2769 1983 2819 et

135 2863 263 2941 ipsa
295 2859 555 2941 legitima
593 2866 855 2930 vocatum
886 2879 1025 2919 nam
1052 2861 1101 2918 si
1130 2858 1260 2941 quis
1285 2856 1468 2919 filium
1501 2866 1600 2917 aut
1635 2856 1842 2927 filiam,
1874 2874 1982 2915 ne-

137 2964 329 3035 potem
359 2962 459 3013 ant
486 2961 717 3033 neptem
747 2972 815 3013 ex
842 2952 981 3026 filio,
1010 2962 1065 3013 et
1093 2951 1388 3034 deinceps,
1420 2950 1752 3033 impuBeres
1780 2968 1982 3011 eman-

135 3050 429 3129 cipaverit,
458 3047 745 3128 legitimus
772 3066 971 3108 eorum
998 3055 1154 3107 tutor
1179 3048 1299 3108 erit.

195 3251 273 3314 (1)
307 3252 503 3299 Verba:
536 3250 682 3299 veluti
706 3253 748 3297 si
780 3250 953 3313 plures.
992 3287 1005 3298 .
1044 3285 1056 3297 .
1094 3284 1107 3298 .
1146 3284 1161 3297 .
1196 3284 1208 3299 .
1249 3284 1260 3296 .
1301 3284 1313 3296 .
1347 3257 1596 3306 vocantur,
1629 3248 1847 3296 videntur
1885 3262 1984 3293 csse

140 3314 367 3378 glossema
392 3314 525 3377 quod
544 3316 595 3361 in
615 3326 789 3362 testum
812 3316 1015 3378 irrepsit.

1643 3394 1695 3449 6.
