2292 3684
153 93 295 135 sus-r.
318 93 453 137 msr.
479 94 638 147 1..111,
669 94 724 136 r.
752 95 954 136 xxvm.
997 95 1098 137 rsa
1122 96 1179 144 o.
1209 97 1361 139 runs.
1383 96 1511 139 nos.
1541 97 1665 139 om..
1694 97 1825 147 Ano.
1868 86 1991 141 505·
2163 6 2249 173 Nx&

153 197 338 257 ceteris
372 194 788 257 venerabilibus
821 196 993 266 locis,
1026 218 1151 279 quoe
1178 198 1469 280 religionis
1498 198 1585 260 vel
1616 200 1843 279 pietatis
1879 201 1975 259 iu-

151 289 286 348 tuitu
313 287 776 362 honorificantur,
809 289 1072 349 derelicta
1098 298 1233 349 sunt
1263 312 1276 348 :
1309 311 1464 371 quoe,
1506 293 1555 351 si
1581 289 1835 363 indebita
1864 290 1977 351 sol·

151 390 361 453 vantur,
392 402 505 441 non
537 390 888 463 repetuntur.

148 520 251 581 Trr.
290 518 525 580 xxvnl.
563 521 672 581 Pus
703 539 831 590 Quas
865 539 1118 581 musonius
1149 541 1299 583 uoms
1328 540 1601 583 causano
1632 540 1969 591 amuranus.

219 636 498 717 Expositis
533 634 834 717 generibus
867 635 1282 719 obligationum
1310 659 1433 721 quae
1471 659 1539 702 cx
1566 646 1857 699 contractu
1888 638 1977 699 vel

146 732 301 809 quasi
337 750 406 790 ex
439 738 734 791 contractu
773 740 1099 803 nascuntur,
1139 730 1483 793 admonendi
1518 751 1716 793 sumus
1754 732 1979 813 adquiri

147 821 328 895 nobis,
360 843 478 883 nou
506 820 691 883 solum
717 843 821 902 per
849 825 1240 903 nosmetipsos,
1266 822 1362 884 sed
1392 826 1560 885 etiam
1589 844 1694 906 per
1722 844 1815 883 eas
1844 844 1977 905 per-

145 936 306 975 sonas
344 937 468 997 quoe
507 918 569 976 in
610 926 801 980 nostra
842 924 1113 999 potestate
1152 924 1309 992 suut,
1342 914 1513 978 veluti
1549 936 1655 998 per
1691 935 1881 983 servos
1924 925 1980 976 et

145 1007 282 1067 filios
313 1017 570 1070 nostros:

215 1102 279 1161 Ut
325 1112 518 1162 tamen
561 1099 711 1182 quod
755 1122 859 1182 per
903 1122 1093 1162 servos
1139 1102 1369 1183 quidem
1410 1102 1577 1163 uobis
1626 1102 1973 1183 adquiritur,

145 1202 315 1253 totum
349 1202 606 1254 nostrum
642 1193 770 1264 fiat3
809 1193 961 1276 quod
998 1203 1191 1255 autem
1226 1215 1332 1276 per
1365 1193 1577 1255 liberos
1606 1215 1749 1274 quos
1788 1196 1848 1254 in
1876 1214 1977 1275 po·

145 1296 329 1347 testate
373 1286 682 1361 habemus,
731 1308 798 1347 ex
846 1288 1189 1369 obligatione
1230 1289 1402 1348 fuerit
1452 1288 1825 1369 adquisitum,
1868 1288 1977 1350 hoc

143 1379 413 1439 dividatur
441 1380 755 1441 secundum
781 1382 1087 1460 imaginem
1116 1402 1307 1441 rerum
1339 1384 1698 1464 proprietatis
1725 1392 1782 1441 et
1810 1400 1977 1441 usus-

143 1472 384 1545 fructus,
437 1494 612 1553 quam
657 1484 851 1533 nostra
895 1474 1151 1535 discrevit
1188 1478 1506 1536 constitutio
1540 1478 1625 1555 (1)
1664 1498 1678 1535 ε
1720 1486 1782 1535 ut
1823 1474 1976 1556 quod

145 1565 210 1625 ab
262 1568 482 1628 actione
537 1566 897 1641 commodum
952 1570 1270 1648 perveniat,
1328 1568 1499 1648 hujus
1556 1568 1976 1627 usumfructum

143 1660 361 1737 quidem
389 1659 603 1721 habeat
631 1669 809 1741 pater,
843 1664 1161 1741 proprietas
1190 1670 1377 1723 autem
1409 1661 1525 1721 filio
1560 1672 1831 1733 servetur,
1862 1662 1976 1720 sci-

141 1750 258 1812 licet
303 1762 467 1835 patre
514 1756 799 1813 actionem
835 1763 1091 1816 movente
1135 1756 1445 1817 secuudum
1492 1754 1727 1817 novellas
1767 1761 1973 1817 nostrae

143 1846 656 1929 constitutionisffl)
685 1845 1038 1907 divisionem.

219 1951 277 2000 1.
327 1942 470 2001 Item
519 1961 621 2021 per
648 1938 873 1999 micros
920 1939 1181 2000 homines
1226 1950 1283 2000 et
1323 1940 1537 2002 alienos
1584 1960 1777 2002 servos
1827 1958 1978 2023 quos

143 2028 284 2091 bona
313 2032 424 2093 fide
466 2032 849 2115 possidemus,
900 2032 1217 2115 adquiritur
1257 2031 1450 2106 nobis,
1500 2032 1597 2094 sed
1645 2041 1867 2095 tantum
1905 2052 1987 2095 ex.

141 2122 352 2185 duabus
397 2128 611 2196 causis,
659 2124 714 2183 id
755 2135 873 2195 est,
918 2126 965 2183 si
1009 2125 1153 2206 quid.
1184 2145 1254 2186 ex
1292 2127 1479 2208 operis
1520 2126 1638 2186 suis
1682 2125 1768 2186 vel
1806 2146 1875 2185 ox
1912 2145 1973 2185 re

143 2225 326 2277 nostra
358 2217 682 2297 adquirant.

213 2320 276 2367 9.
312 2310 422 2369 Per
463 2330 592 2370 eum
633 2329 860 2391 quoquo
897 2328 1123 2369 servum
1168 2311 1225 2369 in
1269 2330 1381 2391 quo
1422 2308 1839 2371 usumfructum
1882 2308 1971 2370 vel

141 2422 296 2461 usum
325 2403 605 2463 babemus
623 2447 638 2473 ,
669 2404 927 2464 similiter
955 2425 1022 2463 ex
1048 2402 1269 2465 duabus
1298 2408 1415 2465 istis
1446 2408 1630 2466 causis
1660 2404 1827 2465 uobis
1862 2402 1967 2463 ad-

142 2496 392 2575 quiritur.
1842 2494 1853 2503 ’

219 3034 280 3085 ³.
311 3024 717 3084 ‘Communem
761 3043 984 3084 servum
1030 3042 1134 3103 pro
1178 3021 1457 3081 dominica
1506 3033 1663 3102 parte
1714 3022 1959 3083 dominis

207 3220 268 3281 (1)
305 3220 354 3267 L.
384 3226 431 3276 G,
467 3222 538 3276 C„
563 3218 633 3266 De
657 3218 786 3267 bom's
811 3234 914 3283 quoe
941 3213 1094 3264 liberis·
1119 3218 1165 3261 ἐκ
1186 3224 1404 3277 potestate
1426 3216 1574 3277 patris
1598 3218 1853 3263 conutitutis
1881 3216 1966 3261 ad-

149 3284 386 3343 quiruntur
406 3286 504 3345 (vx,
526 3284 627 3347 61).
648 3282 796 3345 -(2)
825 3283 877 3329 L.
904 3280 948 3339 8,
977 3281 998 3328 5
1023 3284 1074 3341 3,
1099 3278 1175 3337 C.,
1201 3278 1271 3325 De
1297 3278 1401 3327 bon.
1427 3295 1528 3341 quw
1554 3278 1687 3325 liber.

1624 3355 1690 3407 29
