2292 3684
282 82 387 137 676
484 94 599 137 om
628 94 775 135 wer.
802 95 854 135 c.
884 96 964 150 iv,
992 81 1026 151 5
1054 83 1179 137 ⁴87.
1221 97 1280 137 ir«
1305 96 1400 137 ius
1423 96 1547 137 voc.
1577 96 1954 141 vinitorum.

276 212 497 274 indexve
520 208 819 274 quoestioais
844 208 942 259 sub
968 208 1234 274 capitalem
1259 222 1462 261 musam
1481 210 1748 274 pecaniam
1771 210 2047 275 amerit,
2065 212 2126 265 nt

281 290 485 353 publica
506 290 611 351 lege
640 302 755 337 reus
778 288 934 339 tieret.
2098 315 2106 324 ·

347 374 411 421 Et
438 368 525 431 qui
552 367 809 419 hominem
830 367 1093 431 occiderit,
1116 368 1346 435 punitur,
1375 382 1476 419 non
1504 366 1675 417 habita
1697 366 1997 432 differentia,
2025 382 2128 421 cu-

276 450 361 513 jus
384 445 687 499 conditionis
712 445 969 495 hominem
991 446 1265 497 interemit

346 528 502 577 Divus
532 524 813 575 Hadrianus
844 526 1119 589 rescripsit,
1154 538 1270 576 eum
1287 562 1303 589 ,
1327 526 1414 589 qui
1441 526 1698 576 hominem
1722 525 1933 591 occidit,
1957 526 2125 578 sinon

278 605 535 657 ooeidendi
559 606 728 655 animo
756 604 852 655 hoc
879 604 1103 669 admisit,
1132 606 1325 656 absolvi
1351 615 1522 670 posse,
1551 605 1604 657 et
1627 606 1718 669 qui
1750 607 2002 658 bominem
2024 620 2128 660 non

278 687 481 744 occidit,
508 686 593 737 sed
616 684 925 750 vulneravit,
950 686 1009 736 nt
1032 686 1252 751 occidat,
1281 700 1375 751 pm
1403 688 1662 737 homicida
1681 686 2050 753 ᾶιιιιιαιιὼως
2072 694 2129 741 et

280 780 343 818 ex
372 780 427 817 re
452 766 871 819 constituendum¹
886 768 1012 831 hoc3
1046 780 1172 817 nam
1197 768 1242 818 si
1267 766 1496 831 gladium
1518 768 1810 831 strinxerit,
1836 772 1891 821 et
1917 782 1978 821 eo
2015 784 2130 833 net·-

280 846 525 909 cusserit,
560 845 837 897 indubitate
867 845 1128 897 occidendi
1165 846 1331 896 animo
1372 846 1422 896 id
1465 860 1582 897 eum
1621 846 1913 909 admisisse3
1953 849 2048 904 sed
2081 851 2124 899 si

280 929 422 981 clave
449 928 729 993 percussit,
758 928 847 977 aut
872 940 1116 992 cucuma,
1149 928 1202 978 in
1227 928 1332 978 rixa
1359 928 1593 991 quamvis
1629 929 1763 979 ferro
1791 932 2126 995 percusserit,

279 1008 449 1059 umen
476 1020 577 1058 non
604 1006 866 1057 occidendi
889 1007 1075 1069 animo,
1104 1006 1388 1058 leniendam
1421 1020 1620 1071 poenam
1647 1005 1788 1073 ejus,
1817 1009 1907 1072 qui
1935 1008 1989 1059 in
2015 1010 2128 1060 rixa

278 1099 401 1138 casu
428 1086 609 1150 magis,
639 1097 790 1151 quam
811 1084 1072 1136 voluntate
1094 1084 1424 1135 homicidium
1453 1084 1675 1137 admisit.

342 1170 473 1219 Item
512 1166 660 1217 divus
688 1164 971 1217 Hadrianus
1006 1166 1298 1229 rescripsit,
1333 1175 1480 1227 eum3
1517 1165 1603 1227 qui
1645 1166 1880 1230 stuprum
1911 1167 2012 1217 sibi
2041 1169 2126 1219 vel

280 1246 385 1297 suis
412 1258 502 1311 per
522 1246 629 1296 vim
650 1244 951 1297 inferentem
972 1244 1183 1308 occidit,
1219 1244 1592 1296 dimittendum.
1613 1271 1674 1283 —
1697 1246 1796 1297 Sed
1824 1248 1876 1297 et
1900 1247 1952 1297 in
1984 1259 2124 1313 eum,

280 1327 367 1390 qui
388 1338 594 1377 uxorem
612 1324 973 1389 deprehensam
996 1324 1049 1375 in
1067 1324 1315 1375 adulterio
1341 1324 1549 1387 occidit,
1571 1324 1722 1376 divus
1741 1326 1861 1376 Pius
1883 1326 2126 1378 leviorem

279 1419 478 1470 poenam
508 1403 823 1469 irrogandam
848 1417 959 1455 esse
999 1404 1275 1467 rescripsit,
1311 1408 1362 1454 et
1395 1404 1663 1454 humiliore
1690 1404 1801 1455 loco
1829 1406 2044 1470 positum
2069 1406 2125 1456 in

278 1484 514 1537 exsilium
547 1486 845 1548 perpetuum
880 1483 988 1534 (lari
1020 1483 1203 1547 iussit,
1238 1482 1289 1533 in
1327 1482 1495 1547 aliqua
1533 1484 1774 1547 dignitate
1809 1486 2024 1549 positum
2058 1486 2124 1536 ad

277 1565 484 1627 tempus
508 1562 735 1626 relegari

348 1642 585 1707 Ejusdem
612 1641 735 1705 legis
760 1640 1005 1693 corneliae
1038 1641 1102 1692 de
1128 1642 1319 1692 sicariis
1357 1642 1410 1691 et
1448 1642 1684 1694 veneticis
1715 1642 1880 1707 capite
1915 1628 2122 1709 quinto,

278 1724 369 1789 qui
389 1736 642 1775 venenum
668 1724 852 1773 matum
888 1722 1097 1773 necandi
1126 1722 1344 1773 hominis
1369 1735 1522 1772 causa
1549 1722 1747 1786 fecerit,
1779 1726 1858 1774 vel
1883 1724 2125 1776 vendide-

282 1806 366 1870 rit,
390 1805 467 1856 vel
490 1806 740 1869 habuerit,
764 1804 1017 1869 plectitur.

348 1898 587 1960 Ejusdem
625 1898 749 1961 legis
786 1910 931 1963 poena
960 1897 1212 1959 adficitur,
1235 1897 1322 1959 qui
1351 1896 1407 1948 in
1443 1896 1700 1960 pubiicum
1737 1897 1870 1948 mala
1903 1898 2128 1951 medica-

283 1982 453 2031 menta
480 1978 781 2041 vendiderit,
806 1979 886 2029 vel
909 1978 1129 2035 hominis
1157 1976 1368 2028 necandi
1395 1990 1546 2027 causa
1573 1976 1822 2029 babuerit.

350 2074 575 2136 Adiectio
604 2074 771 2123 autern
802 2073 898 2123 ista
928 2072 1106 2122 veneni
1132 2072 1250 2121 mali
1285 2070 1528 2129 ostendit.
1553 2084 1663 2121 esse
1687 2070 1918 2133 quasdam
1945 2075 1994 2123 et
2023 2087 2126 2125 non

285 2154 419 2205 mala
441 2166 648 2203 venena.
679 2155 808 2215 Ergo
828 2165 1007 2201 nomen
1032 2151 1253 2201 medium
1285 2152 1381 2214 est,
1406 2151 1580 2200 ettam
1607 2150 1680 2213 id,
1699 2151 1832 2213 quod
1857 2152 1920 2201 ad
1945 2166 2128 2203 sanan·

285 2233 438 2293 dum,
462 2246 613 2295 quam
639 2230 718 2293 id,
748 2229 884 2293 quod
912 2228 975 2279 ad
1002 2230 1333 2279 occidendum
1371 2230 1603 2292 paratum
1627 2230 1733 2291 est,
1763 2231 2013 2292 continet,
2039 2232 2128 2282 sed

285 2313 339 2363 et
371 2311 450 2374 id,
482 2311 616 2375 quod
636 2309 931 2360 amatorium
964 2308 1261 2375 appellatur.
1295 2307 1391 2357 Sed
1427 2310 1523 2357 hoc
1550 2308 1715 2358 solum
1749 2311 1953 2359 notatur
1979 2310 2031 2360 in
2065 2324 2128 2362 ea

287 2392 427 2455 lege,
456 2389 589 2455 quod
616 2390 833 2439 hominis
858 2389 1068 2439 necandi
1096 2402 1244 2439 causa
1275 2388 1442 2437 habet.
1469 2388 1566 2437 Sed
1601 2402 1666 2438 ex
1692 2390 2126 2441 senatusconsulto

284 2471 493 2533 relegari
522 2470 663 2533 jussa
702 2474 780 2519 est
823 2482 909 2532 ea,
948 2482 1059 2531 quoe
1086 2481 1186 2517 non
1223 2468 1426 2531 quidem
1460 2468 1594 2517 malo
1626 2468 1825 2532 animo,
1867 2470 1956 2519 sed
1993 2472 2126 2521 malo

287 2550 515 2615 exemplo
546 2548 965 2601 medicamentum
990 2547 1055 2599 ad
1080 2547 1459 2612 conceptionem
1485 2546 1656 2611 dedit,
1679 2561 1743 2599 ex
1775 2563 1876 2613 quo
1899 2562 1986 2613 ea,
2009 2562 2128 2613 qnae

287 2632 573 2695 acceperat,
597 2629 885 2681 decesserit.

352 2725 465 2777 Alio
488 2723 925 2774 senatusconsulto
948 2722 1189 2773 effectum
1209 2722 1306 2785 est,
1327 2724 1384 2773 ut
1405 2722 1744 2786 pigmentarii,
1761 2723 1806 2773 si
1829 2724 1914 2775 cui
1939 2726 2131 2775 temere

287 2807 529 2870 cicutam,
560 2803 951 2868 salamandram,
984 2804 1268 2865 aconitum,
1305 2804 1665 2867 pityocampas,
1699 2807 1788 2854 aut
1821 2804 2128 2871 buprestim,

290 2886 701 2949 mandragoram,
726 2882 1069 2947 cantharidas,
1095 2884 1183 2932 aut
1210 2882 1331 2945 quid
1359 2882 1676 2933 lustramenti
1704 2895 1854 2932 causa
1878 2882 2132 2945 dederint,

286 2980 430 3031 poena
459 2969 723 3018 teneantur
744 2964 894 3027 huius
916 2962 1057 3028 legis.

356 3062 482 3110 Item
515 3060 586 3123 is,
620 3058 765 3121 cujus
800 3057 984 3107 familia
1016 3057 1208 3107 sciente
1239 3068 1330 3119 eo,
1373 3054 1732 3120 adipiscendae,
1776 3056 2132 3120 recuperandae

288 3138 621 3203 possessionis
654 3150 833 3199 causa,
870 3150 1005 3186 arma
1041 3134 1329 3197 sumpserit.
1369 3138 1496 3183 Item
1534 3136 1620 3197 qui
1652 3138 1824 3184 auctor
1861 3134 2129 3185 seditionis

290 3218 468 3277 suerit,
506 3218 559 3266 et
586 3217 672 3279 qui
698 3216 1013 3277 naufragium
1044 3214 1408 3277 suppresserit,
1435 3215 1486 3263 et
1523 3214 1612 3276 qui
1643 3214 1770 3264 salsa
1797 3214 1984 3265 indicia
2011 3228 2134 3277 pro-

292 3296 456 3345 fessus
486 3292 639 3344 fuerit
660 3292 1001 3356 profitendave
1026 3292 1306 3355 curaverit,
1329 3306 1428 3353 quo
1451 3292 1564 3354 quis
1585 3293 1823 3343 innocens
1845 3293 2134 3345 circumve-
