2292 3684
299 115 366 166 68
515 127 628 169 Gau
658 127 804 169 uss-1¹.
831 127 884 168 c.
913 127 960 184 1,
1002 115 1062 180 §s
1091 115 1353 171 toa-107.
1392 127 1466 170 ne
1493 127 1912 172 mormanus·

379 1435 580 1517 (Cous.
609 1433 727 1498 Gn.
755 1435 886 1498 Ius-r.
919 1436 974 1512 1,
1005 1434 1040 1518 5
1074 1435 1216 1515 105,
1240 1434 1455 1518 inst-a).

385 1894 547 1945 loz.
597 1879 742 1944 Illud
787 1902 920 1944 vero
965 1884 1261 1964 utriusque
1304 1881 1623 1964 adoptionis
1662 1902 1966 1944 commune
2011 1891 2135 1956 est,

300 1977 450 2058 quod
470 1987 524 2038 et
541 1977 603 2038 hi
621 1978 721 2058 qui
737 1997 1008 2059 generare
1029 1997 1146 2039 non
1166 1985 1427 2059 possunt,
1448 1976 1645 2062 quales
1662 1985 1793 2038 sunt
1818 1975 2133 2059 spadones,

299 2071 567 2153 adoptare
597 2079 848 2154 possunt.

383 2176 547 2227 1⁰4.
583 2166 827 2224 Feminae
854 2183 985 2226 vero
1014 2161 1173 2224 nullo
1209 2163 1377 2224 modo
1405 2162 1675 2245 adoptare
1696 2170 1961 2244 possunt,
1995 2165 2137 2245 qnia

299 2278 373 2320 ne
401 2259 629 2340 quidem
650 2256 932 2318 naturales
959 2255 1169 2318 liberos
1197 2259 1258 2316 in
1287 2265 1558 2338 potestate
1584 2257 1815 2318 habent.

387 2362 544 2414 105.
591 2350 730 2410 Item
758 2351 957 2431 siquis
982 2369 1084 2431 per
1112 2348 1417 2431 populum,
1450 2352 1565 2410 sive
1605 2349 1758 2432 apud
1799 2359 2130 2432 proetorem,

298 2444 389 2505 vel
419 2444 572 2526 apud
600 2444 896 2525 praesidem
923 2445 1226 2526 provinciae
1253 2431 1625 2528 adoptaverit,
1657 2454 1841 2526 potest
1866 2444 2131 2507 eumdem

300 2539 398 2598 alii
427 2541 484 2598 in
515 2539 878 2619 adoptionem
900 2538 1049 2600 dare.

385 2639 547 2692 10⁶.
591 2631 698 2692 Sed
725 2640 782 2694 et
807 2631 907 2692 illa
932 2633 1187 2713 quoestio,
1218 2651 1294 2691 an
1320 2631 1511 2692 minor
1537 2640 1670 2691 natu
1697 2633 1974 2712 majorem
1992 2643 2135 2696 natu

302 2725 571 2807 adoptare
599 2730 802 2807 possit,
832 2731 1126 2808 utriusque
1150 2727 1471 2809 adoptionis
1498 2729 1816 2806 eommunis
1838 2737 1939 2790 est.
2040 2791 2047 2798 ,

385 2829 548 2880 lov.
581 2807 725 2880 Illud
743 2824 1044 2903 proprium
1065 2831 1151 2881 est
1176 2822 1299 2903 ejus
1318 2821 1635 2902 adoptionis
1664 2843 1789 2904 quae
1815 2843 1921 2904 per
1945 2842 2137 2906 popu-

299 2912 422 2972 lum
451 2912 533 2986 fit,
562 2912 714 2993 quod
739 2915 788 2974 is
817 2915 916 2994 qui
951 2912 1161 2974 liberos
1184 2917 1249 2973 in
1276 2921 1548 2996 potestate
1574 2912 1767 3000 lgabet,
1796 2916 1845 2976 si
1872 2936 1933 2976 se
1956 2916 2135 2977 adro-

301 3006 554 3087 gandum
580 3005 811 3080 dederit,
833 3028 949 3068 non
970 3006 1157 3068 solum
1183 3010 1306 3089 ipse
1326 3009 1588 3090 potestati
1617 3007 1968 3091 adrogatoris
1992 3011 2136 3072 suh-

295 3100 521 3178 jicitur,
556 3100 649 3160 sed
691 3103 862 3161 etiam
897 3100 1064 3162 liberi
1107 3103 1231 3183 ejus
1270 3104 1331 3162 in
1372 3101 1624 3182 ejusdem
1657 3101 1802 3164 fiunt
1825 3113 2133 3187 potestate,

303 3199 598 3275 tamquam
624 3201 872 3276 nepotes.
