2292 3684
326 67 429 123 ⁴90
467 80 583 122 osu
619 80 762 123 mar.
799 82 854 123 o.
879 83 945 135 11,
985 66 1049 139 ἓξ
1071 68 1263 123 70-78.
1306 82 1378 123 ns
1404 82 1679 124 uuonan
1704 83 1898 125 noum.
1932 78 2223 129 meurs.

397 194 512 246 vo.
543 183 652 243 Sed
683 193 738 244 et
765 184 822 243 id
852 185 1000 267 qnod
1031 206 1136 267 per
1162 185 1505 245 alluvionem
1542 186 1708 246 nobis
1744 186 2041 266 adiicitur,
2084 205 2222 244 eo·-

313 274 444 336 dem
477 278 608 357 jure
644 286 901 338 nostrum
943 279 1026 341 fit.
1069 281 1178 339 Per
1216 278 1559 340 alluvionem
1593 286 1781 339 autem
1822 282 1901 339 ita
1936 278 2221 339 videtur

315 370 511 451 adjici,
543 370 696 452 quod
735 373 811 431 ita
853 371 1129 454 paulatim
1160 372 1375 433 flumen
1418 394 1555 454 agro
1596 382 1788 433 nostro
1830 373 2072 453 adjicit,
2132 380 2215 430 ut

314 466 591 525 aestimare
630 485 745 525 non
784 468 1066 550 possimus
1099 476 1377 548 quantum
1410 485 1640 547 quoquo
1675 475 1965 527 momento
2010 476 2213 525 tem·-

311 562 468 641 poris
505 559 823 640 adjiciatur.
859 562 978 623 Hoc
1007 569 1090 621 est
1125 560 1280 643 quod
1316 559 1487 643 vulgo
1519 562 1741 635 dicitur,
1773 581 1878 641 per
1912 560 2211 620 alluvio-

311 673 442 713 nem
475 652 532 711 id
559 654 728 734 adjici
756 654 958 725 videri,
993 653 1142 735 quod
1176 656 1255 713 ita
1284 653 1557 735 paulatim
1586 654 1848 736 adjicitur
1875 663 1937 713 ut
1963 654 2209 715 oculos

311 754 533 807 nostros
563 746 737 806 fallat.
777 756 895 807 Ul.
929 745 1090 817 Quod
1118 748 1171 805 si.
1193 745 1407 805 flumen
1435 756 1654 826 partem
1680 745 1931 827 aliquam
1962 767 2041 805 ex
2078 756 2203 806 tuo

312 839 524 920 praedio
564 838 934 919 de(traxe)rit
975 848 1029 899 et
1067 838 1140 899 ad
1181 859 1375 899 meum
1414 839 1690 920 proedium
1726 837 2003 913 attulerit,
2050 839 2205 899 haee

312 955 445 1015 pars
478 944 574 994 tua
609 944 820 995 manet.
860 944 975 995 π.
1007 933 1080 993 At
1116 936 1162 992 si
1201 936 1261 991 in
1301 933 1488 993 medio
1516 933 1752 993 flumine
1792 931 1981 993 insula
2026 942 2199 993 nata

311 1030 407 1101 sit,
441 1028 558 1088 baeo
589 1048 788 1089 eorum
827 1028 1083 1113 omnium
1125 1031 1445 1087 communis
1482 1036 1593 1098 est,
1644 1028 1743 1107 qui
1790 1026 1864 1086 ab
1916 1034 2197 1107 utraque

309 1130 472 1203 parte
497 1121 748 1180 fluminis
776 1140 956 1202 prope
992 1122 1181 1201 ripam
1207 1118 1420 1201 praedia
1448 1118 1753 1201 possident.
1787 1120 1846 1179 Si
1877 1139 2015 1179 vero
2048 1140 2193 1179 non

311 1217 383 1274 sit
408 1216 468 1273 in
497 1215 682 1275 medio
708 1214 966 1287 flumine,
1000 1214 1069 1274 ad
1101 1234 1196 1275 eos
1225 1216 1466 1295 pertinet
1494 1215 1615 1293 qui,
1648 1213 1721 1273 ab
1752 1234 1819 1273 ea
1848 1222 2012 1295 parte
2039 1236 2193 1295 quae

309 1328 590 1389 proxuma
617 1316 719 1380 est,
746 1310 908 1389 juxta
934 1308 1120 1388 ripam
1150 1306 1363 1389 praedia
1393 1304 1621 1367 bahent.
1655 1317 1770 1368 ⁸28.
1799 1308 2088 1367 Praeterea
2121 1306 2189 1366 id

211 1396 218 1405 ’
311 1401 460 1481 quod
489 1404 550 1460 in
583 1400 707 1461 solo
731 1410 922 1461 nostro
950 1400 1024 1460 ab
1055 1400 1249 1481 aliquo
1278 1399 1611 1460 aediticatum
1640 1408 1741 1471 est,
1773 1402 2037 1481 quamvis
2072 1401 2188 1461 ille

311 1515 415 1554 suo
455 1498 687 1554 nomine
729 1495 1111 1565 aedificaverit,
1139 1495 1272 1574 jure
1302 1493 1547 1554 naturali
1589 1504 1849 1555 nostrum
1888 1494 1976 1565 flu
2024 1498 2181 1576 quia

308 1587 635 1667 superficies
664 1585 784 1647 solo
815 1586 975 1649 cedit.
1018 1597 1128 1647 ⁸24.
1162 1586 1453 1667 Multoque
1481 1588 1663 1668 magis
1700 1586 1756 1645 id
1786 1585 1986 1647 accidit
2016 1596 2077 1647 et
2108 1589 2177 1645 in

168 1682 176 1691 '
308 1678 506 1761 planta
537 1700 710 1761 quam
741 1682 868 1760 quis
898 1682 957 1738 in
993 1679 1114 1739 solo
1158 1687 1351 1739 nostro
1381 1682 1657 1760 posuerit,
1702 1682 1749 1739 si
1788 1679 1959 1740 modo
2000 1680 2179 1740 radi-

313 1773 474 1834 cibus
516 1784 727 1835 terram
765 1772 1062 1855 complexa
1100 1773 1290 1833 suerit.
1331 1784 1442 1835 ⁸25.
1486 1772 1639 1833 ldem
1686 1775 1962 1855 contingit
1998 1784 2059 1833 et
2106 1775 2175 1832 in

293 1866 637 1947 frumento,
687 1865 838 1945 quod
882 1868 940 1924 in
978 1864 1099 1925 solo
1137 1875 1332 1926 nostro
1377 1864 1453 1925 ab
1498 1865 1688 1947 aliquo
1728 1874 1915 1925 satum
1962 1866 2168 1925 suerit.

315 1970 424 2021 vo.
459 1959 566 2019 Sed
592 1961 639 2019 si
669 1957 741 2017 ab
772 1979 838 2018 eo
873 1966 1129 2039 petamus
1168 1958 1441 2029 fundum,
1481 1956 1568 2018 vel
1596 1958 1924 2039 aedificium,
1954 1966 2009 2019 et
2044 1960 2172 2017 im-

312 2073 520 2135 pensas
560 2055 620 2112 in
658 2052 988 2124 aedilicium,
1030 2052 1118 2113 vel
1160 2055 1217 2112 in
1262 2055 1596 2126 seminaria,
1628 2056 1713 2113 vel
1748 2056 1806 2113 in
1845 2064 2167 2114 sementem

315 2146 492 2206 factas
518 2148 571 2205 ei
599 2145 813 2206 solvere
839 2146 1104 2218 nolimus,
1131 2146 1338 2227 poterit
1365 2166 1469 2207 nos
1497 2168 1600 2227 per
1627 2150 2012 2227 exceptionem
2044 2147 2167 2207 doli

311 2239 451 2300 mali
503 2239 810 2322 repellere,
869 2242 1065 2321 utique
1120 2242 1167 2299 si
1220 2240 1383 2301 bonae
1432 2240 1563 2300 fidei
1618 2260 1909 2321 possessor
1958 2240 2159 2301 fuerit.

317 2344 430 2395 θ’.
469 2333 682 2393 Eadem
722 2334 944 2393 ratione
977 2333 1279 2412 probatum
1323 2340 1431 2403 est,
1464 2331 1617 2414 quod
1652 2335 1711 2392 in
1740 2331 2010 2392 chartulis
2042 2338 2162 2393 sive

311 2428 662 2489 membranis
712 2428 856 2487 meis
907 2426 1110 2508 aliquis
1160 2422 1477 2506 scripserit,
1525 2426 1654 2486 licet
1708 2430 1895 2487 aureis
1944 2426 2158 2499 literis,

313 2546 506 2587 meum
545 2546 684 2599 esse,
718 2527 850 2606 quia
877 2522 1051 2583 literae
1078 2522 1350 2583 chartulis
1377 2525 1492 2583 sive
1531 2523 1880 2585 membranis
1924 2525 2151 2585 cedunt.

314 2620 511 2700 ltaque
547 2620 592 2678 si
631 2638 736 2699 ego
773 2636 868 2677 eos
908 2616 1086 2676 libros
1128 2636 1337 2698 easque
1381 2615 1746 2676 membranas
1786 2626 2004 2697 petam,
2051 2636 2155 2675 nec

315 2713 635 2792 impensam
677 2711 968 2789 scripturae
1004 2707 1247 2780 solvam,
1292 2727 1395 2788 per
1432 2710 1817 2789 exceptionem
1864 2708 1975 2767 doli
2017 2707 2152 2766 mali

315 2808 656 2866 summoveri
680 2814 897 2885 potero.
931 2814 1044 2867 28.
1071 2803 1180 2864 Sed
1201 2806 1245 2862 si
1269 2805 1325 2862 in
1356 2801 1552 2863 tabula
1578 2823 1705 2863 mea
1728 2802 1930 2884 aliquis
1960 2805 2150 2884 pinxe-

314 2902 389 2959 rit
419 2899 568 2959 velut
597 2899 932 2977 imaginem,
967 2908 1167 2958 contra
1196 2896 1474 2978 probatur
1502 2920 1515 2957 z
1545 2898 1728 2978 magis
1771 2899 1923 2956 enim
1951 2896 2147 2955 dicitur

314 2992 571 3055 tabulam
601 2995 834 3074 picturae
863 2992 1079 3054 cedere.
1103 2992 1277 3071 Cujus
1304 2990 1639 3051 diversitatis
1667 2992 1755 3050 vix
1780 2990 1977 3051 idonea
2008 2994 2143 3050 ratio

315 3086 588 3147 redditur.
621 3087 782 3146 Certe
810 3084 1120 3146 secundum
1152 3083 1299 3144 banc
1327 3084 1605 3165 regulam,
1638 3086 1684 3142 si
1712 3103 1805 3143 me
1832 3083 2139 3165 possidente

315 3189 474 3260 petas
517 3179 823 3260 imaginem
872 3186 1026 3237 tuam
1068 3197 1215 3248 esse,
1264 3196 1367 3236 nec
1408 3176 1590 3236 solvas
1634 3178 1879 3256 pretium
1916 3174 2135 3247 tabulae,

314 3274 527 3353 poteris
565 3292 673 3354 per
718 3273 1103 3354 exceptionem
1151 3269 1267 3331 doli
1307 3266 1448 3329 mali
1490 3270 1850 3331 summoveri.
1890 3268 1962 3327 At
1996 3270 2041 3327 si
2078 3276 2131 3326 tu
