2292 3684
414 133 564 176 msr.
595 133 738 175 msr.
777 134 828 176 ι.
861 134 910 190 1,
949 134 1002 176 r.
1033 133 1115 176 xi.
1155 133 1223 174 ua
1259 133 1677 178 moenommss.
1896 124 1961 177 67

209 247 274 296 2.
309 236 419 296 Sed
445 236 614 298 hodie
648 257 716 297 ex
741 245 934 296 nostra
968 237 1363 297 constitutione
1404 237 1519 317 (l),
1566 257 1693 297 cum
1730 237 1967 296 filiusfa-

127 328 320 390 milias
352 351 387 390 a
423 340 584 410 patre
623 330 866 392 naturali
897 341 1173 391 extraneae
1214 351 1465 411 persona>
1500 332 1560 390 in
1604 331 1963 413 adoptionem

129 426 326 498 datur,
352 428 488 506 jura
514 429 804 507 potestatis
823 429 1000 507 patris
1019 427 1293 487 naturalis
1312 428 1547 487 minime
1566 426 1960 501 dissolvuntur,

129 541 238 582 nec
265 523 573 602 quiequam
601 520 672 579 ad
699 529 918 600 patrem
945 519 1269 600 adoptivum
1290 522 1515 593 transit,
1550 540 1654 580 nec
1684 522 1745 579 in
1774 532 1966 602 potes-

129 623 248 675 tate
273 617 397 695 ejus
415 622 526 692 est,
551 613 682 675 licet
709 613 783 674 ab
811 617 1072 675 intestato
1093 615 1231 694 jura
1259 615 1628 676 successionis
1656 617 1709 674 ei
1738 635 1773 674 a
1803 614 1966 676 nobis

127 707 350 769 tributa
373 709 504 769 sint.
538 707 596 767 Si
625 727 756 768 vero
775 715 936 788 pater
959 706 1237 767 naturalia
1264 725 1382 766 non
1409 714 1709 781 extraneo,
1740 707 1835 767 sed
1861 726 1965 767 avo

134 800 244 860 filii
265 803 356 860 sui
383 809 640 860 materno
657 845 674 872 ,
703 799 820 872 vel,
849 801 898 860 ai
922 802 1045 882 ipse
1077 809 1245 882 pater.
1268 798 1541 860 naturalis
1574 799 1745 860 fuerit
1772 819 1967 860 eman-

134 897 383 977 cipatus,
431 898 606 956 etiam
643 915 746 956 avo
779 903 1045 975 paterno,
1081 894 1175 955 vel
1210 914 1420 974 proavo
1458 893 1630 954 simili
1666 893 1833 954 modo
1867 915 1969 974 pa-

131 999 298 1050 terno
324 989 414 1052 vel
437 999 726 1064 materno,
757 989 940 1049 filium
967 1009 1136 1050 auum
1163 987 1376 1050 dederit
1403 990 1463 1048 in
1493 988 1878 1068 adoptionem,
1908 991 1968 1049 in

129 1083 244 1144 hoc
269 1103 405 1144 casu
421 1129 440 1157 ,
472 1085 610 1165 quia
633 1085 696 1142 in
722 1101 899 1144 unam
918 1101 1224 1162 personam
1250 1091 1597 1144 concurrunt
1614 1090 1669 1140 et
1686 1081 1970 1142 naturalia

129 1185 186 1238 et
213 1177 535 1258 adoptionis
561 1180 722 1258 jura,
770 1185 964 1237 manet
1005 1174 1209 1238 stabile
1240 1179 1337 1258 jus
1378 1176 1553 1257 patria
1595 1174 1872 1257 adoptivi,
1916 1186 1970 1237 et

132 1271 382 1330 naturali
422 1270 650 1332 viuculo
680 1268 1039 1352 copulatum,
1081 1277 1138 1330 et
1166 1268 1417 1350 legitimo
1462 1267 1777 1350 adoptionis
1820 1269 1969 1329 nodo

137 1367 532 1439 constrictum,
577 1372 642 1424 ut
680 1371 738 1425 et
777 1365 842 1424 in
885 1361 1108 1424 familia·
1143 1371 1199 1424 et
1234 1365 1295 1423 in
1332 1372 1601 1444 potestate
1645 1362 1972 1445 hujusmodi
1996 1367 2011 1380 ³

140 1458 316 1538 patria
341 1456 592 1538 adoptivi
620 1457 704 1516 sit.
997 1452 1006 1460 ’
1892 1463 1895 1468 ’

215 1561 280 1612 8.
309 1551 454 1612 Cum
477 1559 668 1612 autem
694 1549 955 1632 impubes
985 1569 1086 1630 per
1113 1547 1429 1630 principale
1456 1552 1791 1630 rescriptum
1812 1549 1973 1610 adro-

133 1653 329 1725 gatur,
372 1663 544 1704 causa
577 1645 802 1725 cognita
833 1643 1124 1724 adrogatio
1160 1643 1527 1722 permittitur,
1573 1653 1626 1702 et
1661 1645 1976 1724 exquiritur

136 1756 313 1797 causa
339 1735 750 1816 adrogationis,
791 1755 866 1795 an
901 1735 1140 1795 honesta
1180 1735 1277 1806 sit,
1318 1735 1686 1816 expediatque
1709 1735 1971 1815 pupillo,

138 1839 196 1891 et
231 1849 362 1891 cum
391 1829 732 1910 quibusdam
769 1827 1188 1889 conditionibus
1216 1826 1507 1909 adrogatio
1534 1827 1622 1903 fit,
1668 1828 1727 1887 id
1765 1837 1879 1902 est,
1909 1839 1977 1905 ‚ut

137 1932 334 1985 caveat
374 1921 676 2006 adrogator
711 1942 966 2004 personae
998 1921 1269 2003 publicae,
1305 1922 1415 1982 hoc
1453 1929 1537 1982 est
1568 1919 1885 1996 tabulario,
1929 1926 1977 1984 si

135 2021 292 2077 iutra
317 2014 674 2097 pubertatem
702 2014 952 2095 pupillus
978 2015 1301 2089 decesserit,
1324 2016 1716 2078 restituturum
1736 2035 1796 2077 se
1821 2015 1975 2078 bona

136 2112 252 2173 illis
273 2115 401 2193 qui,
431 2114 480 2171 si
507 2111 732 2191 adoptio
749 2109 899 2170 facta
924 2130 1042 2170 non
1072 2120 1243 2186 esset,
1289 2111 1361 2172 ad
1402 2113 1813 2172 successionem
1854 2113 1977 2192 ejus

135 2205 364 2268 venturi
385 2212 588 2266 essent.
616 2205 754 2264 Item
772 2223 890 2263 non
919 2203 1057 2264 allae
1084 2205 1445 2285 emancipare
1466 2224 1596 2264 eum
1616 2209 1799 2284 potest
1814 2204 1976 2264 adro-

140 2309 342 2383 gator,
377 2300 514 2374 nisi,
545 2319 716 2360 causa
751 2299 1009 2380 cognita,
1051 2298 1257 2380 dignus
1293 2299 1742 2378 emancipatione
1776 2297 1973 2371 fuerit,

141 2404 201 2458 et
221 2407 360 2457 tuuc
388 2415 490 2457 sua
517 2394 672 2458 bona
696 2395 749 2454 ei
773 2393 985 2455 reddat.
1032 2391 1138 2454 Sed
1178 2395 1305 2456 etsi
1341 2393 1612 2454 decedens
1649 2401 1814 2474 pater
1847 2413 1977 2453 eum

141 2487 592 2562 exheredaret-it,
625 2487 716 2549 vel
753 2489 912 2548 vivus
946 2487 1069 2548 sine
1100 2489 1258 2568 justa
1285 2506 1458 2549 cauea
1492 2506 1623 2548 enm
1651 2489 1979 2569 emancipa-

140 2585 308 2655 verit,
333 2581 570 2663 jubetur
597 2591 858 2662 quartam
898 2590 1117 2662 partem
1143 2582 1199 2640 ei
1224 2575 1509 2641 bonorum
1536 2599 1771 2642 suorum
1796 2580 1981 2641 relin-

143 2695 344 2758 quere,
384 2673 638 2736 videlicet
677 2683 880 2756 praeter
917 2673 1070 2736 bona
1116 2694 1241 2757 quoe
1278 2675 1352 2735 ad
1389 2682 1611 2756 patrem
1652 2673 1979 2756 adoptivum

142 2767 460 2841 transtulit,
489 2776 543 2828 et
569 2787 815 2848 quorum
842 2768 1201 2828 commodum
1228 2771 1281 2828 ei
1299 2777 1498 2850 postea
1518 2767 1832 2850 adquisivit.

221 2873 289 2924 4.
331 2863 616 2923 Minorem
641 2870 782 2922 natu
807 2862 1086 2943 majorem
1115 2881 1233 2921 non
1260 2881 1427 2942 posse
1464 2861 1735 2945 adoptare
1769 2859 1975 2944 placet.

147 2956 391 3038 Adoptio
427 2958 583 3017 enim
623 2965 888 3016 naturam
931 2957 1185 3016 imitatur
1202 3002 1218 3030 ,
1255 2963 1310 3015 et
1350 2975 1458 3036 pro
1495 2965 1752 3018 monstro
1799 2965 1881 3016 est
1916 2963 1981 3015 ut

151 3050 334 3130 major
359 3049 432 3111 ait
455 3047 608 3110 filins
635 3067 809 3132 quam
835 3055 1010 3132 pater.
1045 3046 1227 3110 Debet
1246 3049 1437 3134 itaque
1464 3049 1511 3109 is
1535 3051 1634 3130 qui
1662 3047 1771 3110 sihi
1796 3047 1979 3110 fllium

219 3343 282 3397 (1)
308 3339 358 3389 L.
385 3343 460 3397 lo,
481 3343 554 3394 0.,
583 3337 654 3384 De
673 3333 994 3398 adoptionibus
1010 3335 1141 3398 (vm,
1166 3334 1265 3396 48).
