2292 3684
0 128 66 171 rr.
89 97 247 185 ⁸1..’n,
273 129 327 169 τ.
354 128 475 170 xiv.
506 128 579 169 nu
605 124 919 168 nensmnus
946 125 1363 167 ms'rirossums.
1403 113 1508 168 239

3 229 195 290 eredes
213 232 505 291 instituere
526 238 625 290 eut
648 228 1005 302 exheredare,
1031 228 1128 288 sed
1154 235 1393 308 possunt
1415 248 1510 288 eos

0 344 128 384 nem
162 323 449 383 silentium
476 324 699 395 matris,
733 332 830 382 eut
864 324 951 382 uvi
979 324 1249 396 materni,
1281 331 1336 381 et
1361 331 1511 382 cete-

0 440 3 452 ·
43 426 284 476 matrem
313 416 766 489 ascendentium,
797 423 1021 475 tantum
1050 414 1184 476 facit
1233 425 1509 496 quantum

0 529 33 569 o
62 513 263 591 patris.
295 511 407 570 Nec
436 512 588 569 enim
615 510 785 568 matri
811 507 990 568 filium
1020 507 1294 581 filiamve,
1328 528 1510 590 neque

1 625 74 666 no
111 615 377 685 nepotem
413 612 709 684 neptemve
756 623 823 663 ex
863 602 1005 674 fllia,
1051 604 1097 662 si
1140 623 1271 662 eum
1318 623 1511 663 eumve

4 718 80 758 on
109 700 383 767 instituet,
411 695 750 757 exheredare
780 715 1003 755 necesse
1031 705 1138 769 est,
1156 698 1270 755 sive
1289 694 1357 755 de
1379 697 1510 776 jure

0 811 205 863 umus,
251 793 368 850 sive
407 789 477 850 de
519 789 699 849 edicto
740 791 1023 869 proetoris,
1064 809 1176 870 quo
1215 792 1512 870 praeteritis

0 893 100 945 ttre
142 884 367 945 tabulas
413 883 699 945 bonorum
742 884 1156 963 possessionem
1201 884 1507 964 promittit;

0 981 63 1039 tis
92 979 501 1041 adminiculum
530 986 802 1050 servetur,
828 976 981 1058 quod
1007 975 1179 1057 paulo
1196 987 1325 1058 post
1351 978 1511 1038 vohis

0 1093 41 1132 n
68 1072 181 1132 fiet.

32 1213 148 1273 Τιτ.
181 1211 317 1270 XIV.
356 1211 437 1269 De
465 1228 753 1270 assumens
777 1227 1144 1269 msa-numme.

0 1327 320 1385 ¹instituere
358 1326 700 1405 permissum
736 1332 817 1381 est
867 1331 984 1382 tam
1010 1321 1218 1382 liberos
1254 1321 1512 1381 homines

2 1438 82 1491 οε,
110 1427 165 1478 et
194 1428 313 1478 tam
340 1418 601 1498 proprios
632 1435 806 1495 quam
835 1415 1067 1474 alieno&
1103 1416 1368 1494 Proprios
1406 1435 1512 1473 au-

0 1513 220 1592 luidem,
245 1511 554 1572 secundum
580 1510 831 1591 plurium
856 1511 1178 1582 sententias,
1208 1529 1324 1569 non
1353 1509 1516 1569 aliter

0 1629 7 1663 ι
35 1605 299 1666 libertate
327 1614 476 1665 recte
505 1605 796 1664 instituere
826 1602 1045 1664 licebat.

0 1720 112 1760 rero
160 1702 329 1760 etiam
375 1702 498 1760 sine
544 1697 801 1760 libertate
819 1745 833 1772 ,
876 1720 944 1758 ex
994 1707 1189 1758 nostra
1240 1702 1516 1758 constitu-

0 1796 223 1857 ueredes
251 1817 345 1856 eos
381 1797 673 1856 instituere
703 1798 1044 1877 permissum
1072 1805 1171 1857 est.
1206 1796 1368 1868 Quod
1398 1816 1513 1856 non

0 1894 239 1951 ationem
275 1889 630 1963 induximus,
670 1890 767 1950 sed
796 1893 1064 1971 quoniam
1106 1894 1321 1971 aequius
1362 1900 1511 1963 eret,

0 2003 19 2043 ι
44 1983 321 2065 placuisse
348 1981 559 2043 Paulus
589 1985 703 2043 suis
730 1982 923 2059 libris,
949 2004 1090 2065 quos
1119 1993 1234 2044 tam
1263 1984 1334 2043 ad
1361 1985 1516 2044 Mes-

0 2075 203 2135 binum
232 2096 401 2157 quam
440 2075 511 2135 ud
538 2076 819 2135 Plautium
859 2078 1110 2156 scripsit,
1146 2076 1332 2137 refert.
1371 2078 1514 2136 Pro-

0 2190 46 2228 m
76 2189 271 2229 servus
300 2173 468 2229 etiam
492 2172 539 2229 is
568 2169 901 2250 intelligitur
928 2171 987 2228 in
1020 2190 1133 2251 quo
1153 2171 1364 2231 nudam
1385 2192 1515 2253 pro-

1 2271 234 2324 testator
261 2261 454 2334 habet,
483 2262 594 2323 alio
619 2263 1035 2323 usumfructum
1056 2263 1303 2325 habente
1329 2265 1428 2341 (2).

3 2377 72 2415 en
102 2378 267 2418 casus
293 2359 353 2416 in
383 2378 497 2437 quo
527 2377 628 2417 nec
653 2378 783 2417 cum
804 2356 1061 2418 libertate
1090 2357 1302 2418 utiliter
1327 2380 1518 2419 servus

21 2448 184 2509 heres
223 2451 552 2523 instituitur,
595 2458 655 2509 ut
690 2451 1086 2511 constitutione
1118 2451 1375 2510 divorum
1413 2454 1516 2511 Se-
1540 2519 1567 2542 ι

0 2545 196 2602 1tonini
233 2553 480 2614 cavetur,
513 2546 675 2623 cujus
713 2542 887 2602 verba
923 2541 1041 2603 haec
1076 2552 1207 2602 sunt
1237 2566 1248 2601 :
1281 2546 1514 2603 Servum

0 2635 345 2695 maculatum
389 2656 504 2695 non
549 2638 680 2716 jure
721 2645 1055 2696 testamento
1100 2638 1515 2697 manumissum

0 2731 177 2787 ntiam
205 2728 279 2787 ab
304 2750 370 2789 ea
390 2729 627 2789 muliere
653 2730 849 2801 videri,
879 2750 999 2809 quae
1027 2750 1123 2789 rea
1149 2729 1334 2790 fuerat
1362 2732 1516 2811 ejus-

0 2824 97 2881 ¹[nis
145 2821 455 2901 postulata,
494 2824 725 2882 rationis
769 2831 877 2892 θείς
923 2842 1098 2901 quare
1138 2826 1409 2903 sequitur,
1458 2831 1518 2881 ut

0 2935 47 2973 m
88 2934 121 2973 a
167 2913 398 2974 domina
435 2914 641 2975 collata
679 2915 956 2973 institutio
996 2913 1209 2974 nullius
1245 2916 1516 2975 momenti

29 3118 223 3159 servus
260 3099 429 3157 etiam
463 3099 512 3157 is
551 3096 903 3179 intelligitur,
936 3101 996 3158 in
1035 3118 1147 3179 quo
1190 3099 1516 3159 usumfruc-

0 3209 61 3248 or
86 3189 261 3250 habet
295 3190 400 3270 (3).

4 3351 72 3402 C„
100 3354 163 3396 De
189 3364 358 3396 necess.
387 3361 503 3395 serv.
532 3346 621 3409 (vx,
649 3347 751 3409 27).
774 3373 835 3383 —
860 3348 934 3408 (2)
958 3348 1009 3395 L.
1039 3352 1083 3402 1,
1105 3351 1178 3404 0.,
1203 3350 1438 3396 Commun.
1463 3345 1518 3391 de

5 3445 18 3469 ‚
49 3414 144 3475 15).
162 3437 227 3449 —
249 3414 315 3476 (3)
338 3412 390 3461 L.
423 3414 465 3471 1,
493 3415 565 3466 0.,
587 3426 813 3459 commun.
837 3411 893 3457 de
915 3425 1114 3458 manum.

2037 3614 2149 3663 urei
