<?xml version="1.0" encoding="UTF-8"?>
<!DOCTYPE html PUBLIC "-//W3C//DTD XHTML 1.0 Transitional//EN"
    "http://www.w3.org/TR/xhtml1/DTD/xhtml1-transitional.dtd">
<html xmlns="http://www.w3.org/1999/xhtml" xml:lang="en" lang="en">
 <head>
  <title>
</title>
<meta http-equiv="Content-Type" content="text/html;charset=utf-8" />
  <meta name='ocr-system' content='tesseract 3.04.00' />
  <meta name='ocr-capabilities' content='ocr_page ocr_carea ocr_par ocr_line ocrx_word'/>
</head>
<body>
  <div class='ocr_page' id='page_1' title='image "./manualejurissyn00paulgoog_0361.png"; bbox 0 0 2292 3684; ppageno 0'>
   <div class='ocr_carea' id='block_1_1' title="bbox 160 90 1982 161">
    <p class='ocr_par' dir='ltr' id='par_1_1' title="bbox 160 90 1982 161">
     <span class='ocr_line' id='line_1_1' title="bbox 160 90 1982 161; baseline 0 -14"><span class='ocrx_word' id='word_1_1' title='bbox 160 102 325 149; x_wconf 69' lang='lat' dir='ltr'><strong>mer.</strong></span> <span class='ocrx_word' id='word_1_2' title='bbox 362 106 513 151; x_wconf 64' lang='lat' dir='ltr'><strong>mss.</strong></span> <span class='ocrx_word' id='word_1_3' title='bbox 544 106 597 150; x_wconf 78' lang='grc' dir='ltr'><strong>ι.</strong></span> <span class='ocrx_word' id='word_1_4' title='bbox 627 104 714 161; x_wconf 84' lang='lat' dir='ltr'><strong>m,</strong></span> <span class='ocrx_word' id='word_1_5' title='bbox 740 106 797 149; x_wconf 73' lang='lat' dir='ltr'><strong>r.</strong></span> <span class='ocrx_word' id='word_1_6' title='bbox 828 104 893 147; x_wconf 83' lang='lat' dir='ltr'><strong>n.</strong></span> <span class='ocrx_word' id='word_1_7' title='bbox 934 104 1007 147; x_wconf 73' lang='lat' dir='ltr'><strong>ne</strong></span> <span class='ocrx_word' id='word_1_8' title='bbox 1035 102 1303 149; x_wconf 68' lang='lat' dir='ltr'><strong>nemun</strong></span> <span class='ocrx_word' id='word_1_9' title='bbox 1325 104 1564 147; x_wconf 68' lang='lat' dir='ltr'><strong>Ausus-r.</strong></span> <span class='ocrx_word' id='word_1_10' title='bbox 1595 102 1842 147; x_wconf 70' lang='lat' dir='ltr'><strong>succus.</strong></span> <span class='ocrx_word' id='word_1_11' title='bbox 1887 90 1982 147; x_wconf 71' lang='lat' dir='ltr'><strong>:m</strong></span> 
     </span>
    </p>
   </div>
   <div class='ocr_carea' id='block_1_2' title="bbox 128 194 2028 2914">
    <p class='ocr_par' dir='ltr' id='par_1_2' title="bbox 128 194 1996 1505">
     <span class='ocr_line' id='line_1_2' title="bbox 128 194 1993 287; baseline 0.002 -24"><span class='ocrx_word' id='word_1_12' title='bbox 128 205 311 266; x_wconf 81' lang='lat' dir='ltr'><strong>modo</strong></span> <span class='ocrx_word' id='word_1_13' title='bbox 341 206 687 278; x_wconf 75' lang='lat' dir='ltr'><strong>introduxit3</strong></span> <span class='ocrx_word' id='word_1_14' title='bbox 726 206 853 279; x_wconf 82' lang='lat' dir='ltr'><strong>sed,</strong></span> <span class='ocrx_word' id='word_1_15' title='bbox 894 205 1312 287; x_wconf 85' lang='lat' dir='ltr'><strong>simplicitatem</strong></span> <span class='ocrx_word' id='word_1_16' title='bbox 1340 194 1560 286; x_wconf 70' lang='lat' dir='ltr'><strong>leg&#39;ibus</strong></span> <span class='ocrx_word' id='word_1_17' title='bbox 1589 208 1834 265; x_wconf 80' lang='lat' dir='ltr'><strong>amicum</strong></span> <span class='ocrx_word' id='word_1_18' title='bbox 1862 225 1993 267; x_wconf 86' lang='lat' dir='ltr'><strong>am-</strong></span> 
     </span>
     <span class='ocr_line' id='line_1_3' title="bbox 128 299 1994 381; baseline 0.001 -23"><span class='ocrx_word' id='word_1_19' title='bbox 128 299 341 380; x_wconf 79' lang='lat' dir='ltr'><strong>plexa,</strong></span> <span class='ocrx_word' id='word_1_20' title='bbox 384 300 559 360; x_wconf 79' lang='lat' dir='ltr'>simili</span> <span class='ocrx_word' id='word_1_21' title='bbox 600 300 771 360; x_wconf 88' lang='lat' dir='ltr'><strong>modo</strong></span> <span class='ocrx_word' id='word_1_22' title='bbox 810 320 1007 361; x_wconf 89' lang='lat' dir='ltr'><strong>omues</strong></span> <span class='ocrx_word' id='word_1_23' title='bbox 1044 300 1356 381; x_wconf 87' lang='lat' dir='ltr'><strong>adgnatos,</strong></span> <span class='ocrx_word' id='word_1_24' title='bbox 1385 302 1502 359; x_wconf 78' lang='lat' dir='ltr'><strong>sive</strong></span> <span class='ocrx_word' id='word_1_25' title='bbox 1533 300 1845 374; x_wconf 84' lang='lat' dir='ltr'><strong>masculos,</strong></span> <span class='ocrx_word' id='word_1_26' title='bbox 1878 303 1994 361; x_wconf 84' lang='lat' dir='ltr'><strong>sive</strong></span> 
     </span>
     <span class='ocr_line' id='line_1_4' title="bbox 128 392 1990 473; baseline 0.002 -23"><span class='ocrx_word' id='word_1_27' title='bbox 128 393 423 465; x_wconf 77' lang='lat' dir='ltr'><strong>feminus,</strong></span> <span class='ocrx_word' id='word_1_28' title='bbox 456 396 869 473; x_wconf 85' lang='lat' dir='ltr'><strong>cujuscumque</strong></span> <span class='ocrx_word' id='word_1_29' title='bbox 896 392 1137 473; x_wconf 87' lang='lat' dir='ltr'><strong>gradus,</strong></span> <span class='ocrx_word' id='word_1_30' title='bbox 1171 392 1244 451; x_wconf 79' lang='lat' dir='ltr'><strong>ud</strong></span> <span class='ocrx_word' id='word_1_31' title='bbox 1272 392 1700 455; x_wconf 85' lang='lat' dir='ltr'><strong>similitudinem</strong></span> <span class='ocrx_word' id='word_1_32' title='bbox 1727 414 1990 467; x_wconf 85' lang='lat' dir='ltr'><strong>suorum,</strong></span> 
     </span>
     <span class='ocr_line' id='line_1_5' title="bbox 130 486 1993 568; baseline 0.001 -23"><span class='ocrx_word' id='word_1_33' title='bbox 130 489 393 547; x_wconf 82' lang='lat' dir='ltr'><strong>invicem</strong></span> <span class='ocrx_word' id='word_1_34' title='bbox 430 488 505 547; x_wconf 82' lang='lat' dir='ltr'><strong>ud</strong></span> <span class='ocrx_word' id='word_1_35' title='bbox 537 490 952 549; x_wconf 71' lang='lat' dir='ltr'><strong>successionem</strong></span> <span class='ocrx_word' id='word_1_36' title='bbox 985 486 1242 549; x_wconf 79' lang='lat' dir='ltr'><strong>vocabat.</strong></span> <span class='ocrx_word' id='word_1_37' title='bbox 1275 486 1464 546; x_wconf 82' lang='lat' dir='ltr'><strong>Media</strong></span> <span class='ocrx_word' id='word_1_38' title='bbox 1489 495 1676 548; x_wconf 88' lang='lat' dir='ltr'><strong>autem</strong></span> <span class='ocrx_word' id='word_1_39' title='bbox 1699 488 1993 568; x_wconf 86' lang='lat' dir='ltr'><strong>jurispru-</strong></span> 
     </span>
     <span class='ocr_line' id='line_1_6' title="bbox 130 578 1994 663; baseline 0.002 -25"><span class='ocrx_word' id='word_1_40' title='bbox 130 578 367 651; x_wconf 79' lang='lat' dir='ltr'><strong>dentia,</strong></span> <span class='ocrx_word' id='word_1_41' title='bbox 399 600 529 661; x_wconf 63' lang='lat' dir='ltr'><strong>quse</strong></span> <span class='ocrx_word' id='word_1_42' title='bbox 554 589 677 639; x_wconf 84' lang='lat' dir='ltr'><strong>erat</strong></span> <span class='ocrx_word' id='word_1_43' title='bbox 703 579 831 660; x_wconf 86' lang='lat' dir='ltr'><strong>lege</strong></span> <span class='ocrx_word' id='word_1_44' title='bbox 858 579 1154 639; x_wconf 82' lang='lat' dir='ltr'><strong>duodecim</strong></span> <span class='ocrx_word' id='word_1_45' title='bbox 1189 578 1514 639; x_wconf 76' lang='lat' dir='ltr'><strong>tabularum</strong></span> <span class='ocrx_word' id='word_1_46' title='bbox 1543 583 1770 661; x_wconf 85' lang='lat' dir='ltr'><strong>junior,</strong></span> <span class='ocrx_word' id='word_1_47' title='bbox 1805 583 1994 663; x_wconf 87' lang='lat' dir='ltr'><strong>impe-</strong></span> 
     </span>
     <span class='ocr_line' id='line_1_7' title="bbox 134 670 1994 755; baseline 0.002 -23"><span class='ocrx_word' id='word_1_48' title='bbox 134 674 267 732; x_wconf 77' lang='lat' dir='ltr'><strong>riali</strong></span> <span class='ocrx_word' id='word_1_49' title='bbox 296 684 497 734; x_wconf 83' lang='lat' dir='ltr'><strong>autem</strong></span> <span class='ocrx_word' id='word_1_50' title='bbox 526 674 893 754; x_wconf 78' lang='lat' dir='ltr'><strong>dispositione</strong></span> <span class='ocrx_word' id='word_1_51' title='bbox 919 676 1194 746; x_wconf 80' lang='lat' dir='ltr'><strong>anterior,</strong></span> <span class='ocrx_word' id='word_1_52' title='bbox 1228 672 1536 735; x_wconf 74' lang='lat' dir='ltr'><strong>subtilitate</strong></span> <span class='ocrx_word' id='word_1_53' title='bbox 1563 670 1808 755; x_wconf 80' lang='lat' dir='ltr'><strong>quedam</strong></span> <span class='ocrx_word' id='word_1_54' title='bbox 1833 694 1994 735; x_wconf 83' lang='lat' dir='ltr'><strong>exco-</strong></span> 
     </span>
     <span class='ocr_line' id='line_1_8' title="bbox 136 764 1996 847; baseline 0.001 -21"><span class='ocrx_word' id='word_1_55' title='bbox 136 770 351 847; x_wconf 79' lang='lat' dir='ltr'><strong>gitata,</strong></span> <span class='ocrx_word' id='word_1_56' title='bbox 382 768 684 847; x_wconf 79' lang='lat' dir='ltr'><strong>prael&#39;stam</strong></span> <span class='ocrx_word' id='word_1_57' title='bbox 722 764 1105 825; x_wconf 77' lang='lat' dir='ltr'><strong>differentiam</strong></span> <span class='ocrx_word' id='word_1_58' title='bbox 1142 765 1474 836; x_wconf 80' lang='lat' dir='ltr'><strong>inducebat,</strong></span> <span class='ocrx_word' id='word_1_59' title='bbox 1503 777 1558 825; x_wconf 90' lang='lat' dir='ltr'><strong>et</strong></span> <span class='ocrx_word' id='word_1_60' title='bbox 1587 770 1812 847; x_wconf 84' lang='lat' dir='ltr'><strong>penitus</strong></span> <span class='ocrx_word' id='word_1_61' title='bbox 1837 786 1934 827; x_wconf 76' lang='lat' dir='ltr'><strong>ees</strong></span> <span class='ocrx_word' id='word_1_62' title='bbox 1960 787 1996 827; x_wconf 83' lang='lat' dir='ltr'><strong>u</strong></span> 
     </span>
     <span class='ocr_line' id='line_1_9' title="bbox 134 858 1994 941; baseline 0 -22"><span class='ocrx_word' id='word_1_63' title='bbox 134 865 507 920; x_wconf 80' lang='lat' dir='ltr'><strong>suceessione</strong></span> <span class='ocrx_word' id='word_1_64' title='bbox 529 859 911 941; x_wconf 70' lang='lat' dir='ltr'><strong>adgnatorum</strong></span> <span class='ocrx_word' id='word_1_65' title='bbox 939 858 1276 939; x_wconf 77' lang='lat' dir='ltr'><strong>repellebat,</strong></span> <span class='ocrx_word' id='word_1_66' title='bbox 1311 861 1470 919; x_wconf 90' lang='lat' dir='ltr'><strong>omni</strong></span> <span class='ocrx_word' id='word_1_67' title='bbox 1499 858 1612 919; x_wconf 87' lang='lat' dir='ltr'><strong>alia</strong></span> <span class='ocrx_word' id='word_1_68' title='bbox 1639 863 1994 920; x_wconf 74' lang='lat' dir='ltr'><strong>successione</strong></span> 
     </span>
     <span class='ocr_line' id='line_1_10' title="bbox 139 952 1995 1035; baseline 0.001 -22"><span class='ocrx_word' id='word_1_69' title='bbox 139 959 467 1035; x_wconf 81' lang='lat' dir='ltr'><strong>incognita,</strong></span> <span class='ocrx_word' id='word_1_70' title='bbox 519 954 701 1015; x_wconf 86' lang='lat' dir='ltr'><strong>donec</strong></span> <span class='ocrx_word' id='word_1_71' title='bbox 749 963 1045 1035; x_wconf 81' lang='lat' dir='ltr'><strong>praetores,</strong></span> <span class='ocrx_word' id='word_1_72' title='bbox 1104 952 1380 1034; x_wconf 79' lang='lat' dir='ltr'><strong>paulatim</strong></span> <span class='ocrx_word' id='word_1_73' title='bbox 1436 956 1796 1033; x_wconf 74' lang='lat' dir='ltr'><strong>asperitatem</strong></span> <span class='ocrx_word' id='word_1_74' title='bbox 1847 956 1995 1034; x_wconf 87' lang='lat' dir='ltr'><strong>juris</strong></span> 
     </span>
     <span class='ocr_line' id='line_1_11' title="bbox 140 1046 1994 1130; baseline 0.001 -24"><span class='ocrx_word' id='word_1_75' title='bbox 140 1048 327 1107; x_wconf 74' lang='lat' dir='ltr'><strong>civilis</strong></span> <span class='ocrx_word' id='word_1_76' title='bbox 365 1050 745 1130; x_wconf 78' lang='lat' dir='ltr'><strong>corrigentes,</strong></span> <span class='ocrx_word' id='word_1_77' title='bbox 790 1049 905 1107; x_wconf 85' lang='lat' dir='ltr'><strong>sive</strong></span> <span class='ocrx_word' id='word_1_78' title='bbox 946 1046 1101 1128; x_wconf 87' lang='lat' dir='ltr'><strong>quod</strong></span> <span class='ocrx_word' id='word_1_79' title='bbox 1141 1048 1334 1106; x_wconf 78' lang='lat' dir='ltr'><strong>deerat</strong></span> <span class='ocrx_word' id='word_1_80' title='bbox 1367 1046 1698 1127; x_wconf 75' lang='lat' dir='ltr'><strong>implentes,</strong></span> <span class='ocrx_word' id='word_1_81' title='bbox 1739 1047 1994 1107; x_wconf 78' lang='lat' dir='ltr'><strong>humano</strong></span> 
     </span>
     <span class='ocr_line' id='line_1_12' title="bbox 140 1140 1995 1224; baseline 0.002 -25"><span class='ocrx_word' id='word_1_82' title='bbox 140 1142 474 1223; x_wconf 75' lang='lat' dir='ltr'><strong>proposito,</strong></span> <span class='ocrx_word' id='word_1_83' title='bbox 512 1142 690 1201; x_wconf 81' lang='lat' dir='ltr'><strong>ulium</strong></span> <span class='ocrx_word' id='word_1_84' title='bbox 728 1141 987 1201; x_wconf 82' lang='lat' dir='ltr'><strong>ordinem</strong></span> <span class='ocrx_word' id='word_1_85' title='bbox 1018 1143 1133 1200; x_wconf 89' lang='lat' dir='ltr'><strong>suis</strong></span> <span class='ocrx_word' id='word_1_86' title='bbox 1161 1141 1353 1201; x_wconf 87' lang='lat' dir='ltr'><strong>edictis</strong></span> <span class='ocrx_word' id='word_1_87' title='bbox 1382 1140 1743 1215; x_wconf 82' lang='lat' dir='ltr'><strong>addiderunt,</strong></span> <span class='ocrx_word' id='word_1_88' title='bbox 1777 1152 1832 1202; x_wconf 88' lang='lat' dir='ltr'><strong>et</strong></span> <span class='ocrx_word' id='word_1_89' title='bbox 1860 1163 1995 1224; x_wconf 82' lang='lat' dir='ltr'><strong>cog·</strong></span> 
     </span>
     <span class='ocr_line' id='line_1_13' title="bbox 144 1235 1995 1316; baseline 0.001 -22"><span class='ocrx_word' id='word_1_90' title='bbox 144 1238 401 1295; x_wconf 79' lang='lat' dir='ltr'><strong>nationis</strong></span> <span class='ocrx_word' id='word_1_91' title='bbox 436 1235 587 1295; x_wconf 82' lang='lat' dir='ltr'><strong>linea</strong></span> <span class='ocrx_word' id='word_1_92' title='bbox 622 1236 995 1316; x_wconf 76' lang='lat' dir='ltr'><strong>proximitatis</strong></span> <span class='ocrx_word' id='word_1_93' title='bbox 1032 1236 1265 1294; x_wconf 87' lang='lat' dir='ltr'><strong>nomine</strong></span> <span class='ocrx_word' id='word_1_94' title='bbox 1303 1235 1648 1307; x_wconf 86' lang='lat' dir='ltr'><strong>introducta,</strong></span> <span class='ocrx_word' id='word_1_95' title='bbox 1679 1256 1780 1316; x_wconf 87' lang='lat' dir='ltr'><strong>per</strong></span> <span class='ocrx_word' id='word_1_96' title='bbox 1807 1236 1995 1296; x_wconf 85' lang='lat' dir='ltr'><strong>bono-</strong></span> 
     </span>
     <span class='ocr_line' id='line_1_14' title="bbox 144 1326 1994 1410; baseline 0.001 -23"><span class='ocrx_word' id='word_1_97' title='bbox 144 1348 279 1388; x_wconf 88' lang='lat' dir='ltr'><strong>rum</strong></span> <span class='ocrx_word' id='word_1_98' title='bbox 328 1330 748 1410; x_wconf 81' lang='lat' dir='ltr'><strong>possessionem</strong></span> <span class='ocrx_word' id='word_1_99' title='bbox 794 1348 889 1389; x_wconf 83' lang='lat' dir='ltr'><strong>eas</strong></span> <span class='ocrx_word' id='word_1_100' title='bbox 936 1326 1309 1407; x_wconf 77' lang='lat' dir='ltr'><strong>adjuvabant,</strong></span> <span class='ocrx_word' id='word_1_101' title='bbox 1349 1337 1404 1387; x_wconf 87' lang='lat' dir='ltr'><strong>et</strong></span> <span class='ocrx_word' id='word_1_102' title='bbox 1447 1328 1868 1408; x_wconf 85' lang='lat' dir='ltr'><strong>pollicebantur</strong></span> <span class='ocrx_word' id='word_1_103' title='bbox 1905 1328 1994 1389; x_wconf 86' lang='lat' dir='ltr'><strong>his</strong></span> 
     </span>
     <span class='ocr_line' id='line_1_15' title="bbox 146 1422 1817 1505; baseline -0.001 -22"><span class='ocrx_word' id='word_1_104' title='bbox 146 1422 438 1483; x_wconf 87' lang='lat' dir='ltr'><strong>bonorum</strong></span> <span class='ocrx_word' id='word_1_105' title='bbox 466 1424 883 1505; x_wconf 85' lang='lat' dir='ltr'><strong>possessionem</strong></span> <span class='ocrx_word' id='word_1_106' title='bbox 912 1442 1037 1502; x_wconf 76' lang='lat' dir='ltr'><strong>quse</strong></span> <span class='ocrx_word' id='word_1_107' title='bbox 1062 1440 1202 1481; x_wconf 68' lang='lat' dir='ltr'><strong>usus</strong></span> <span class='ocrx_word' id='word_1_108' title='bbox 1229 1439 1448 1490; x_wconf 69' lang='lat' dir='ltr'><strong>coossm</strong></span> <span class='ocrx_word' id='word_1_109' title='bbox 1477 1422 1817 1502; x_wconf 86' lang='lat' dir='ltr'><strong>appellatur.</strong></span> 
     </span>
    </p>

    <p class='ocr_par' dir='ltr' id='par_1_3' title="bbox 150 1514 2028 2914">
     <span class='ocr_line' id='line_1_16' title="bbox 230 1514 1995 1599; baseline 0.002 -22"><span class='ocrx_word' id='word_1_110' title='bbox 230 1518 347 1577; x_wconf 81' lang='lat' dir='ltr'><strong>Nos</strong></span> <span class='ocrx_word' id='word_1_111' title='bbox 374 1538 533 1591; x_wconf 77' lang='lat' dir='ltr'><strong>vero,</strong></span> <span class='ocrx_word' id='word_1_112' title='bbox 561 1520 741 1599; x_wconf 85' lang='lat' dir='ltr'><strong>legem</strong></span> <span class='ocrx_word' id='word_1_113' title='bbox 769 1516 1064 1578; x_wconf 82' lang='lat' dir='ltr'><strong>duodecim</strong></span> <span class='ocrx_word' id='word_1_114' title='bbox 1092 1516 1419 1576; x_wconf 67' lang='lat' dir='ltr'><strong>tabulatum</strong></span> <span class='ocrx_word' id='word_1_115' title='bbox 1449 1527 1771 1597; x_wconf 76' lang='lat' dir='ltr'><strong>sequentes,</strong></span> <span class='ocrx_word' id='word_1_116' title='bbox 1797 1528 1852 1578; x_wconf 90' lang='lat' dir='ltr'><strong>et</strong></span> <span class='ocrx_word' id='word_1_117' title='bbox 1873 1514 1995 1599; x_wconf 76' lang='lat' dir='ltr'><strong>ejus</strong></span> 
     </span>
     <span class='ocr_line' id='line_1_17' title="bbox 150 1608 1998 1693; baseline 0 -22"><span class='ocrx_word' id='word_1_118' title='bbox 150 1614 385 1693; x_wconf 72' lang='lat' dir='ltr'><strong>vestigia</strong></span> <span class='ocrx_word' id='word_1_119' title='bbox 412 1614 475 1672; x_wconf 91' lang='lat' dir='ltr'><strong>in</strong></span> <span class='ocrx_word' id='word_1_120' title='bbox 504 1612 611 1671; x_wconf 86' lang='lat' dir='ltr'><strong>hac</strong></span> <span class='ocrx_word' id='word_1_121' title='bbox 632 1620 791 1692; x_wconf 81' lang='lat' dir='ltr'><strong>parte</strong></span> <span class='ocrx_word' id='word_1_122' title='bbox 814 1618 1240 1680; x_wconf 75' lang='lat' dir='ltr'><strong>conservantes,</strong></span> <span class='ocrx_word' id='word_1_123' title='bbox 1269 1608 1567 1669; x_wconf 82' lang='lat' dir='ltr'><strong>laudamus</strong></span> <span class='ocrx_word' id='word_1_124' title='bbox 1598 1610 1824 1691; x_wconf 82' lang='lat' dir='ltr'><strong>quidem</strong></span> <span class='ocrx_word' id='word_1_125' title='bbox 1854 1632 1998 1693; x_wconf 80' lang='lat' dir='ltr'><strong>proe-</strong></span> 
     </span>
     <span class='ocr_line' id='line_1_18' title="bbox 152 1702 1998 1784; baseline 0.001 -21"><span class='ocrx_word' id='word_1_126' title='bbox 152 1716 303 1766; x_wconf 83' lang='lat' dir='ltr'><strong>tores</strong></span> <span class='ocrx_word' id='word_1_127' title='bbox 338 1724 455 1766; x_wconf 78' lang='lat' dir='ltr'><strong>suoe</strong></span> <span class='ocrx_word' id='word_1_128' title='bbox 492 1702 888 1775; x_wconf 87' lang='lat' dir='ltr'><strong>humanitatis,</strong></span> <span class='ocrx_word' id='word_1_129' title='bbox 920 1722 1034 1762; x_wconf 86' lang='lat' dir='ltr'><strong>non</strong></span> <span class='ocrx_word' id='word_1_130' title='bbox 1072 1712 1265 1761; x_wconf 86' lang='lat' dir='ltr'><strong>tamen</strong></span> <span class='ocrx_word' id='word_1_131' title='bbox 1310 1722 1405 1762; x_wconf 88' lang='lat' dir='ltr'><strong>eos</strong></span> <span class='ocrx_word' id='word_1_132' title='bbox 1444 1705 1503 1761; x_wconf 88' lang='lat' dir='ltr'><strong>in</strong></span> <span class='ocrx_word' id='word_1_133' title='bbox 1547 1702 1781 1784; x_wconf 81' lang='lat' dir='ltr'><strong>plenum</strong></span> <span class='ocrx_word' id='word_1_134' title='bbox 1817 1724 1998 1765; x_wconf 75' lang='lat' dir='ltr'><strong>causae</strong></span> 
     </span>
     <span class='ocr_line' id='line_1_19' title="bbox 154 1795 1996 1877; baseline -0.001 -19"><span class='ocrx_word' id='word_1_135' title='bbox 154 1798 364 1859; x_wconf 87' lang='lat' dir='ltr'><strong>mederi</strong></span> <span class='ocrx_word' id='word_1_136' title='bbox 404 1800 724 1857; x_wconf 83' lang='lat' dir='ltr'><strong>invenimus</strong></span> <span class='ocrx_word' id='word_1_137' title='bbox 756 1816 771 1854; x_wconf 74' lang='grc' dir='ltr'><strong><em>ε</em></strong></span> <span class='ocrx_word' id='word_1_138' title='bbox 817 1814 993 1877; x_wconf 83' lang='lat' dir='ltr'><strong>quare</strong></span> <span class='ocrx_word' id='word_1_139' title='bbox 1031 1796 1272 1865; x_wconf 87' lang='lat' dir='ltr'><strong>etenim,</strong></span> <span class='ocrx_word' id='word_1_140' title='bbox 1310 1812 1426 1854; x_wconf 90' lang='lat' dir='ltr'><strong>uno</strong></span> <span class='ocrx_word' id='word_1_141' title='bbox 1465 1795 1776 1877; x_wconf 87' lang='lat' dir='ltr'><strong>eodemque</strong></span> <span class='ocrx_word' id='word_1_142' title='bbox 1818 1796 1996 1877; x_wconf 77' lang='lat' dir='ltr'><strong>gradu</strong></span> 
     </span>
     <span class='ocr_line' id='line_1_20' title="bbox 156 1886 1996 1970; baseline -0.001 -18"><span class='ocrx_word' id='word_1_143' title='bbox 156 1894 403 1953; x_wconf 82' lang='lat' dir='ltr'><strong>naturali</strong></span> <span class='ocrx_word' id='word_1_144' title='bbox 428 1900 821 1962; x_wconf 87' lang='lat' dir='ltr'><strong>concurrente,</strong></span> <span class='ocrx_word' id='word_1_145' title='bbox 838 1900 893 1951; x_wconf 86' lang='lat' dir='ltr'><strong>et</strong></span> <span class='ocrx_word' id='word_1_146' title='bbox 910 1890 1268 1970; x_wconf 81' lang='lat' dir='ltr'><strong>adgnationis</strong></span> <span class='ocrx_word' id='word_1_147' title='bbox 1295 1886 1471 1949; x_wconf 90' lang='lat' dir='ltr'><strong>titulis</strong></span> <span class='ocrx_word' id='word_1_148' title='bbox 1495 1898 1612 1950; x_wconf 83' lang='lat' dir='ltr'><strong>tam</strong></span> <span class='ocrx_word' id='word_1_149' title='bbox 1641 1894 1705 1950; x_wconf 90' lang='lat' dir='ltr'><strong>in</strong></span> <span class='ocrx_word' id='word_1_150' title='bbox 1732 1890 1996 1951; x_wconf 86' lang='lat' dir='ltr'><strong>masculis</strong></span> 
     </span>
     <span class='ocr_line' id='line_1_21' title="bbox 158 1983 1993 2071; baseline -0.001 -24"><span class='ocrx_word' id='word_1_151' title='bbox 158 2008 331 2071; x_wconf 78' lang='lat' dir='ltr'><strong>quem</strong></span> <span class='ocrx_word' id='word_1_152' title='bbox 359 1990 418 2047; x_wconf 89' lang='lat' dir='ltr'><strong>in</strong></span> <span class='ocrx_word' id='word_1_153' title='bbox 448 1986 679 2046; x_wconf 80' lang='lat' dir='ltr'><strong>seminis</strong></span> <span class='ocrx_word' id='word_1_154' title='bbox 706 2002 867 2065; x_wconf 78' lang='lat' dir='ltr'><strong>aeque</strong></span> <span class='ocrx_word' id='word_1_155' title='bbox 895 1983 1059 2043; x_wconf 84' lang='lat' dir='ltr'><strong>lance</strong></span> <span class='ocrx_word' id='word_1_156' title='bbox 1087 1984 1428 2055; x_wconf 88' lang='lat' dir='ltr'><strong>constitutis,</strong></span> <span class='ocrx_word' id='word_1_157' title='bbox 1471 1984 1738 2044; x_wconf 83' lang='lat' dir='ltr'><strong>masculis</strong></span> <span class='ocrx_word' id='word_1_158' title='bbox 1766 1986 1993 2065; x_wconf 86' lang='lat' dir='ltr'><strong>quidem</strong></span> 
     </span>
     <span class='ocr_line' id='line_1_22' title="bbox 158 2074 2028 2159; baseline -0.001 -17"><span class='ocrx_word' id='word_1_159' title='bbox 158 2080 403 2142; x_wconf 81' lang='lat' dir='ltr'><strong>dabatur</strong></span> <span class='ocrx_word' id='word_1_160' title='bbox 428 2082 499 2159; x_wconf 71' lang='lat' dir='ltr'><strong>ed</strong></span> <span class='ocrx_word' id='word_1_161' title='bbox 527 2082 941 2141; x_wconf 79' lang='lat' dir='ltr'><strong>successionem</strong></span> <span class='ocrx_word' id='word_1_162' title='bbox 972 2079 1168 2137; x_wconf 79' lang='lat' dir='ltr'><strong>venire</strong></span> <span class='ocrx_word' id='word_1_163' title='bbox 1205 2081 1463 2137; x_wconf 89' lang='lat' dir='ltr'><strong>omnium</strong></span> <span class='ocrx_word' id='word_1_164' title='bbox 1494 2074 1896 2159; x_wconf 76' lang='lat' dir='ltr'><strong>adgnatorum,</strong></span> <span class='ocrx_word' id='word_1_165' title='bbox 1930 2074 2028 2140; x_wconf 59' lang='lat' dir='ltr'><strong>ex*</strong></span> 
     </span>
     <span class='ocr_line' id='line_1_23' title="bbox 160 2168 1992 2258; baseline -0.002 -22"><span class='ocrx_word' id='word_1_166' title='bbox 160 2176 419 2258; x_wconf 76' lang='lat' dir='ltr'><strong>adgnatis</strong></span> <span class='ocrx_word' id='word_1_167' title='bbox 445 2184 635 2235; x_wconf 80' lang='lat' dir='ltr'><strong>autem</strong></span> <span class='ocrx_word' id='word_1_168' title='bbox 662 2172 997 2233; x_wconf 87' lang='lat' dir='ltr'><strong>mulieribus</strong></span> <span class='ocrx_word' id='word_1_169' title='bbox 1026 2168 1172 2231; x_wconf 89' lang='lat' dir='ltr'><strong>nulli</strong></span> <span class='ocrx_word' id='word_1_170' title='bbox 1201 2172 1452 2251; x_wconf 86' lang='lat' dir='ltr'><strong>penitus,</strong></span> <span class='ocrx_word' id='word_1_171' title='bbox 1493 2172 1604 2230; x_wconf 87' lang='lat' dir='ltr'><strong>nisi</strong></span> <span class='ocrx_word' id='word_1_172' title='bbox 1643 2170 1748 2231; x_wconf 90' lang='lat' dir='ltr'><strong>soli</strong></span> <span class='ocrx_word' id='word_1_173' title='bbox 1786 2174 1992 2247; x_wconf 88' lang='lat' dir='ltr'><strong>sorori,</strong></span> 
     </span>
     <span class='ocr_line' id='line_1_24' title="bbox 161 2264 1996 2353; baseline -0.002 -22"><span class='ocrx_word' id='word_1_174' title='bbox 161 2270 231 2331; x_wconf 84' lang='lat' dir='ltr'><strong>ad</strong></span> <span class='ocrx_word' id='word_1_175' title='bbox 256 2270 635 2353; x_wconf 75' lang='lat' dir='ltr'><strong>adgnatorum</strong></span> <span class='ocrx_word' id='word_1_176' title='bbox 663 2270 1074 2328; x_wconf 88' lang='lat' dir='ltr'><strong>successionem</strong></span> <span class='ocrx_word' id='word_1_177' title='bbox 1102 2266 1334 2348; x_wconf 84' lang='lat' dir='ltr'><strong>patebat</strong></span> <span class='ocrx_word' id='word_1_178' title='bbox 1360 2264 1543 2325; x_wconf 88' lang='lat' dir='ltr'><strong>aditus</strong></span> <span class='ocrx_word' id='word_1_179' title='bbox 1560 2264 1590 2324; x_wconf 65' lang='grc' dir='ltr'><strong>ἲ</strong></span> <span class='ocrx_word' id='word_1_180' title='bbox 1617 2266 1748 2327; x_wconf 71' lang='lat' dir='ltr'><strong>ideo</strong></span> <span class='ocrx_word' id='word_1_181' title='bbox 1781 2268 1839 2327; x_wconf 89' lang='lat' dir='ltr'><strong>in</strong></span> <span class='ocrx_word' id='word_1_182' title='bbox 1869 2266 1996 2349; x_wconf 87' lang='lat' dir='ltr'><strong>ple-</strong></span> 
     </span>
     <span class='ocr_line' id='line_1_25' title="bbox 160 2360 1997 2443; baseline 0 -18"><span class='ocrx_word' id='word_1_183' title='bbox 160 2386 297 2427; x_wconf 88' lang='lat' dir='ltr'><strong>num</strong></span> <span class='ocrx_word' id='word_1_184' title='bbox 345 2366 537 2425; x_wconf 80' lang='lat' dir='ltr'><strong>omnis</strong></span> <span class='ocrx_word' id='word_1_185' title='bbox 580 2364 909 2425; x_wconf 87' lang='lat' dir='ltr'><strong>reducentes</strong></span> <span class='ocrx_word' id='word_1_186' title='bbox 954 2369 1010 2423; x_wconf 89' lang='lat' dir='ltr'><strong>et</strong></span> <span class='ocrx_word' id='word_1_187' title='bbox 1060 2361 1131 2421; x_wconf 84' lang='lat' dir='ltr'><strong>ad</strong></span> <span class='ocrx_word' id='word_1_188' title='bbox 1177 2364 1272 2443; x_wconf 85' lang='lat' dir='ltr'><strong>jus</strong></span> <span class='ocrx_word' id='word_1_189' title='bbox 1327 2360 1620 2423; x_wconf 89' lang='lat' dir='ltr'><strong>duodecim</strong></span> <span class='ocrx_word' id='word_1_190' title='bbox 1669 2362 1997 2425; x_wconf 81' lang='lat' dir='ltr'><strong>tabularum</strong></span> 
     </span>
     <span class='ocr_line' id='line_1_26' title="bbox 163 2456 1993 2539; baseline 0.001 -22"><span class='ocrx_word' id='word_1_191' title='bbox 163 2458 418 2517; x_wconf 77' lang='lat' dir='ltr'><strong>eamdem</strong></span> <span class='ocrx_word' id='word_1_192' title='bbox 440 2456 864 2539; x_wconf 83' lang='lat' dir='ltr'><strong>dispositionem</strong></span> <span class='ocrx_word' id='word_1_193' title='bbox 888 2463 1262 2537; x_wconf 84' lang='lat' dir='ltr'><strong>exaequuntes,</strong></span> <span class='ocrx_word' id='word_1_194' title='bbox 1285 2463 1479 2515; x_wconf 82' lang='lat' dir='ltr'><strong>nostra</strong></span> <span class='ocrx_word' id='word_1_195' title='bbox 1498 2456 1892 2517; x_wconf 85' lang='lat' dir='ltr'><strong>constitutione</strong></span> <span class='ocrx_word' id='word_1_196' title='bbox 1910 2458 1993 2539; x_wconf 86' lang='lat' dir='ltr'><strong>(l)</strong></span> 
     </span>
     <span class='ocr_line' id='line_1_27' title="bbox 165 2548 1996 2633; baseline 0 -22"><span class='ocrx_word' id='word_1_197' title='bbox 165 2553 480 2623; x_wconf 82' lang='lat' dir='ltr'><strong>sanximus,</strong></span> <span class='ocrx_word' id='word_1_198' title='bbox 514 2570 711 2611; x_wconf 87' lang='lat' dir='ltr'><strong>omnes</strong></span> <span class='ocrx_word' id='word_1_199' title='bbox 750 2548 1030 2632; x_wconf 84' lang='lat' dir='ltr'><strong>legitimas</strong></span> <span class='ocrx_word' id='word_1_200' title='bbox 1068 2568 1370 2631; x_wconf 83' lang='lat' dir='ltr'><strong>personas,</strong></span> <span class='ocrx_word' id='word_1_201' title='bbox 1403 2548 1460 2609; x_wconf 86' lang='lat' dir='ltr'><strong>id</strong></span> <span class='ocrx_word' id='word_1_202' title='bbox 1497 2558 1606 2624; x_wconf 88' lang='lat' dir='ltr'><strong>est,</strong></span> <span class='ocrx_word' id='word_1_203' title='bbox 1637 2570 1740 2633; x_wconf 86' lang='lat' dir='ltr'><strong>per</strong></span> <span class='ocrx_word' id='word_1_204' title='bbox 1776 2549 1996 2612; x_wconf 84' lang='lat' dir='ltr'><strong>virilem</strong></span> 
     </span>
     <span class='ocr_line' id='line_1_28' title="bbox 166 2642 1998 2725; baseline -0.002 -18"><span class='ocrx_word' id='word_1_205' title='bbox 166 2666 359 2707; x_wconf 79' lang='lat' dir='ltr'><strong>sexum</strong></span> <span class='ocrx_word' id='word_1_206' title='bbox 391 2644 811 2716; x_wconf 75' lang='lat' dir='ltr'><strong>descendenteS,</strong></span> <span class='ocrx_word' id='word_1_207' title='bbox 840 2646 955 2704; x_wconf 81' lang='lat' dir='ltr'><strong>sive</strong></span> <span class='ocrx_word' id='word_1_208' title='bbox 991 2642 1292 2703; x_wconf 82' lang='lat' dir='ltr'><strong>masculini</strong></span> <span class='ocrx_word' id='word_1_209' title='bbox 1328 2646 1547 2725; x_wconf 83' lang='lat' dir='ltr'><strong>generis</strong></span> <span class='ocrx_word' id='word_1_210' title='bbox 1583 2647 1699 2703; x_wconf 84' lang='lat' dir='ltr'><strong>sive</strong></span> <span class='ocrx_word' id='word_1_211' title='bbox 1734 2645 1998 2705; x_wconf 82' lang='lat' dir='ltr'><strong>feminini</strong></span> 
     </span>
     <span class='ocr_line' id='line_1_29' title="bbox 168 2736 1996 2823; baseline 0.001 -23"><span class='ocrx_word' id='word_1_212' title='bbox 168 2744 307 2812; x_wconf 87' lang='lat' dir='ltr'><strong>sint,</strong></span> <span class='ocrx_word' id='word_1_213' title='bbox 346 2740 517 2801; x_wconf 88' lang='lat' dir='ltr'><strong>simili</strong></span> <span class='ocrx_word' id='word_1_214' title='bbox 545 2738 713 2799; x_wconf 91' lang='lat' dir='ltr'><strong>modo</strong></span> <span class='ocrx_word' id='word_1_215' title='bbox 748 2738 821 2797; x_wconf 81' lang='lat' dir='ltr'><strong>ad</strong></span> <span class='ocrx_word' id='word_1_216' title='bbox 843 2741 980 2819; x_wconf 77' lang='lat' dir='ltr'><strong>jura</strong></span> <span class='ocrx_word' id='word_1_217' title='bbox 1015 2740 1384 2799; x_wconf 86' lang='lat' dir='ltr'><strong>successionis</strong></span> <span class='ocrx_word' id='word_1_218' title='bbox 1423 2736 1683 2823; x_wconf 83' lang='lat' dir='ltr'><strong>legitimoe</strong></span> <span class='ocrx_word' id='word_1_219' title='bbox 1711 2738 1786 2799; x_wconf 85' lang='lat' dir='ltr'><strong>ab</strong></span> <span class='ocrx_word' id='word_1_220' title='bbox 1815 2744 1996 2801; x_wconf 85' lang='lat' dir='ltr'><strong>intes-</strong></span> 
     </span>
     <span class='ocr_line' id='line_1_30' title="bbox 172 2832 1996 2914; baseline -0.001 -20"><span class='ocrx_word' id='word_1_221' title='bbox 172 2844 279 2894; x_wconf 78' lang='lat' dir='ltr'><strong>tato</strong></span> <span class='ocrx_word' id='word_1_222' title='bbox 305 2836 520 2909; x_wconf 82' lang='lat' dir='ltr'><strong>vocari,</strong></span> <span class='ocrx_word' id='word_1_223' title='bbox 554 2834 864 2895; x_wconf 87' lang='lat' dir='ltr'><strong>secundum</strong></span> <span class='ocrx_word' id='word_1_224' title='bbox 892 2834 979 2893; x_wconf 89' lang='lat' dir='ltr'><strong>sui</strong></span> <span class='ocrx_word' id='word_1_225' title='bbox 1006 2832 1214 2914; x_wconf 82' lang='lat' dir='ltr'><strong>gradus</strong></span> <span class='ocrx_word' id='word_1_226' title='bbox 1254 2836 1706 2913; x_wconf 65' lang='lat' dir='ltr'><strong>praerogativam,</strong></span> <span class='ocrx_word' id='word_1_227' title='bbox 1739 2854 1844 2893; x_wconf 88' lang='lat' dir='ltr'><strong>nec</strong></span> <span class='ocrx_word' id='word_1_228' title='bbox 1870 2834 1996 2893; x_wconf 86' lang='lat' dir='ltr'><strong>ideo</strong></span> 
     </span>
    </p>
   </div>
   <div class='ocr_carea' id='block_1_3' title="bbox 174 2928 1990 3082">
    <p class='ocr_par' dir='ltr' id='par_1_4' title="bbox 174 2928 1990 3082">
     <span class='ocr_line' id='line_1_31' title="bbox 174 2928 1990 3010; baseline -0.001 -23"><span class='ocrx_word' id='word_1_229' title='bbox 174 2928 571 3003; x_wconf 83' lang='lat' dir='ltr'><strong>excludendas,</strong></span> <span class='ocrx_word' id='word_1_230' title='bbox 609 2930 741 3010; x_wconf 88' lang='lat' dir='ltr'><strong>quia</strong></span> <span class='ocrx_word' id='word_1_231' title='bbox 778 2928 1280 3009; x_wconf 79' lang='lat' dir='ltr'><strong>consanguinitatis</strong></span> <span class='ocrx_word' id='word_1_232' title='bbox 1311 2929 1474 3007; x_wconf 84' lang='lat' dir='ltr'><strong>jura,</strong></span> <span class='ocrx_word' id='word_1_233' title='bbox 1507 2930 1648 2987; x_wconf 82' lang='lat' dir='ltr'><strong>sicut</strong></span> <span class='ocrx_word' id='word_1_234' title='bbox 1677 2948 1990 3009; x_wconf 70' lang='lat' dir='ltr'><strong>germanae,</strong></span> 
     </span>
     <span class='ocr_line' id='line_1_32' title="bbox 176 3020 542 3082; baseline 0.008 -3"><span class='ocrx_word' id='word_1_235' title='bbox 176 3042 281 3080; x_wconf 89' lang='lat' dir='ltr'><strong>non</strong></span> <span class='ocrx_word' id='word_1_236' title='bbox 310 3020 542 3082; x_wconf 86' lang='lat' dir='ltr'><strong>habent.</strong></span> 
     </span>
    </p>
   </div>
   <div class='ocr_carea' id='block_1_4' title="bbox 239 3295 1272 3361">
    <p class='ocr_par' dir='ltr' id='par_1_5' title="bbox 239 3295 1272 3361">
     <span class='ocr_line' id='line_1_33' title="bbox 239 3295 1272 3361; baseline -0.005 -16"><span class='ocrx_word' id='word_1_237' title='bbox 239 3298 303 3361; x_wconf 82' lang='lat' dir='ltr'><strong>(l)</strong></span> <span class='ocrx_word' id='word_1_238' title='bbox 335 3299 385 3347; x_wconf 85' lang='lat' dir='ltr'><strong>L.</strong></span> <span class='ocrx_word' id='word_1_239' title='bbox 428 3304 499 3355; x_wconf 64' lang='lat' dir='ltr'><strong>li,</strong></span> <span class='ocrx_word' id='word_1_240' title='bbox 533 3299 573 3343; x_wconf 85' lang='lat' dir='ltr'><strong><em>C</em></strong></span> <span class='ocrx_word' id='word_1_241' title='bbox 595 3330 609 3351; x_wconf 93' lang='lat'><strong>,</strong></span> <span class='ocrx_word' id='word_1_242' title='bbox 649 3296 717 3343; x_wconf 84' lang='lat' dir='ltr'><strong>De</strong></span> <span class='ocrx_word' id='word_1_243' title='bbox 753 3296 836 3358; x_wconf 67' lang='lat' dir='ltr'><strong>leq.</strong></span> <span class='ocrx_word' id='word_1_244' title='bbox 872 3295 1021 3342; x_wconf 58' lang='lat' dir='ltr'><strong>harei.</strong></span> <span class='ocrx_word' id='word_1_245' title='bbox 1058 3296 1145 3356; x_wconf 77' lang='lat' dir='ltr'><strong>(vt,</strong></span> <span class='ocrx_word' id='word_1_246' title='bbox 1175 3295 1272 3355; x_wconf 78' lang='lat'><strong>58).</strong></span> 
     </span>
    </p>
   </div>
  </div>
 </body>
</html>
