2292 3684
277 84 421 127 susr.
457 82 616 126 mer..
645 84 702 127 ι..
733 84 820 139 ιιι,
857 82 912 125 r.
940 84 1064 125 nx.
1103 82 1180 125 ιιι
1204 82 1521 127 murmane
1551 82 1831 127 eruunt.
1880 71 1977 127 45⁸

149 206 282 247 esse
308 184 568 245 desinere
593 194 800 267 potem
823 188 922 247 sed
954 188 1215 269 protinus
1240 183 1457 245 inutilis
1473 194 1573 247 est.
1606 188 1746 247 {tem
1770 196 1986 263 eontra,

144 276 290 338 licet
311 279 476 341 initio
495 278 713 338 utiliter
739 296 830 339 res
863 282 924 339 in
954 278 1285 363 stipulatum
1318 278 1552 339 deducta
1580 281 1652 338 eit
1670 324 1685 350 ,
1724 282 1770 339 si
1800 291 1991 363 postea

145 374 214 431 in
245 392 446 432 earum
472 392 585 454 qua
610 370 796 446 causa,
819 372 886 435 de
915 370 1122 456 quibus
1142 393 1317 455 supra
1336 372 1544 435 dietum
1564 368 1665 444 est,⁸
1692 374 1816 435 sine
1844 374 1992 437 sacto

145 467 524 545 promissoris
543 465 844 541 devenerit,
867 468 1223 549 eatinguetur
1246 464 1547 545 stipulatio.
1572 465 1652 526 Ac
1674 486 1779 527 nec
1807 469 1993 527 statim

147 559 228 619 ab
259 562 426 619 initio
453 560 581 619 talis
609 562 896 643 stipulatio
923 562 1158 626 valebit:
1194 562 1398 623 Lucmu
1426 562 1641 633 Τιτιιιιι,
1672 580 1785 625 cun
1808 580 1995 625 saevus

145 672 296 725 am,
329 671 468 713 man
495 654 755 715 ernanus?
782 666 836 715 et
864 655 1100 727 similia3
1133 657 1284 737 quia,
1320 674 1443 735 quae
1471 663 1673 715 natura
1694 657 1781 715 sui
1808 656 1994 715 domi-

148 748 255 805 nio
297 756 495 807 nostro
531 757 791 831 exempta
832 758 999 821 sunt,
1042 751 1103 809 in
1146 747 1551 829 obligationem
1594 746 1793 808 deduci
1838 746 1997 809 nullo

153 838 338 899 modo
365 848 622 919 possunt.

240 941 308 992 8.
333 930 390 990 Si
411 933 536 1013 quis
565 932 742 991 alium
769 932 1033 994 daturum
1059 932 1412 993 facturumve
1440 930 1576 1013 quid
1602 898 1990 1013 spoponderit,
2038 952 2047 961 ·

153 1042 274 1082 non
295 1018 670 1105 obligabitur,
703 1024 873 1084 veluti
900 1027 948 1085 si
975 1024 1250 1108 spondeat
1274 1024 1487 1083 Titium
1515 1028 1767 1107 quinque
1795 1045 1994 1085 aureos

154 1116 446 1176 daturum.
478 1115 642 1188 Quod
667 1120 715 1176 si
747 1116 1082 1179 effecturum
1113 1138 1189 1191 se,
1221 1126 1283 1177 ut
1308 1118 1487 1179 Titius
1529 1117 1709 1192 daret,
1742 1138 1996 1202 spopon-

161 1208 337 1283 derit,
365 1207 667 1289 obligatur.

239 1314 307 1365 4.
347 1303 406 1363 Si
433 1306 560 1384 quis
585 1302 700 1377 alii,
733 1324 911 1383 quam
931 1304 1093 1382 eujus
1113 1304 1234 1383 juri
1256 1301 1541 1382 subjectus
1562 1306 1651 1374 sit,
1675 1300 1992 1385 stipuletur,
2034 1339 2037 1345 ·

162 1392 310 1453 nibil
339 1395 476 1475 agit.
515 1393 688 1454 Plane
715 1393 922 1455 solutio
948 1395 1118 1455 etiam
1156 1396 1205 1453 si
1244 1396 1497 1453 extranei
1530 1413 1833 1475 personam
1858 1414 1997 1455 eou-

163 1484 305 1545 ferri
327 1494 529 1567 potest,
551 1484 722 1545 veluti
741 1487 789 1546 si
815 1488 942 1567 quis
969 1488 1048 1544 ita
1076 1483 1413 1568 stipuletur:
1437 1504 1559 1545 mm
1585 1504 1682 1546 Αυτ
1710 1486 1837 1547 Snto
1863 1505 2000 1547 osan

163 1580 427 1641 manns?
454 1588 516 1640 ut
553 1579 825 1661 obligatio
853 1579 1082 1661 quidem
1118 1578 1435 1660 stipulatori
1466 1578 1823 1661 adquiratur,
1860 1580 2003 1641 solvi

161 1684 358 1733 tamen
385 1660 540 1747 Seio,
573 1676 747 1733 etiam
771 1676 946 1735 invito
978 1694 1074 1747 eo,
1101 1682 1251 1733 recte
1278 1675 1481 1755 possit3
1504 1682 1566 1733 ut
1594 1672 1853 1733 liberatio
1877 1675 2001 1755 ipso

159 1770 292 1847 jure
331 1770 646 1849 contingat,
678 1767 775 1828 sed
817 1767 914 1828 ille
957 1766 1223 1829 adversus
1270 1767 1457 1827 Seium
1498 1764 1706 1828 habeat
1749 1765 2001 1828 mandati

167 1864 469 1922 actionem.
499 1860 660 1933 Quod
677 1864 722 1921 si
753 1863 876 1942 quis
895 1861 1005 1922 sibi
1031 1870 1086 1921 et
1111 1860 1228 1932 alii,
1252 1864 1413 1941 cujus
1426 1862 1545 1941 juri
1570 1858 1859 1942 subjectus
1885 1880 2001 1923 uon

168 1958 258 2026 sit,
287 1956 414 2015 dari
435 1956 632 2017 decem
653 1976 854 2016 aureos
871 1956 1177 2036 stipulatus
1202 1963 1301 2029 eet,
1332 1952 1543 2015 valebit
1567 1955 1795 2034 quidem
1820 1956 2004 2036 stipu-

165 2050 328 2120 lati03
361 2050 457 2109 sed
487 2060 682 2109 utrum
701 2058 878 2110 totum
907 2048 1346 2131 debeatur-quod
1372 2050 1433 2108 in
1462 2046 1882 2130 stipulationem
1910 2048 2007 2109 de-

167 2142 402 2203 ductum
430 2152 530 2217 est,
564 2163 638 2202 an
667 2162 798 2205 vero
826 2164 960 2224 pars
976 2142 1231 2213 dimidia,
1254 2140 1571 2200 dubitatum
1592 2150 1674 2201 est
1707 2163 1721 2200 ι
1750 2140 1847 2201 sed
1876 2140 2005 2223 pla-

169 2228 253 2297 cet
279 2253 399 2295 non
436 2236 566 2317 plus
610 2257 782 2318 quam
819 2236 1113 2296 dimidiam
1155 2241 1373 2315 partem
1414 2236 1466 2295 ei
1509 2233 1756 2314 adquiri.
1800 2235 1866 2295 Ei
1907 2238 2005 2317 qui

163 2332 282 2409 juri
313 2336 414 2389 tuo
439 2327 726 2408 subjectus
753 2337 854 2400 est,
885 2330 936 2387 si
964 2324 1266 2409 stipulatus
1292 2326 1389 2399 sis,
1432 2324 1537 2385 tibi
1564 2327 1841 2407 adquiris;
1872 2330 2006 2408 quia

169 2444 277 2483 vox
303 2430 402 2482 tua
431 2431 726 2533 tamquam
752 2422 854 2481 fllii
875 2423 963 2493 sit,
986 2422 1149 2481 sicuti
1168 2418 1273 2478 filii
1294 2440 1401 2479 vox
1426 2429 1699 2501 tanquam
1722 2430 1820 2480 tua
1844 2420 2008 2481 intel-

169 2514 412 2597 ligitur
394 2537 453 2574 m
485 2518 554 2575 iis
585 2516 757 2576 rebus
784 2536 908 2596 quae
936 2515 1039 2575 tibi
1069 2514 1293 2594 adquiri
1322 2524 1573 2594 possunt.

251 2618 322 2668 5.
367 2608 644 2669 Praeterea
679 2608 898 2669 inutilis
917 2618 1018 2669 est
1051 2606 1377 2700 stipulatio,
1415 2609 1463 2666 si
1505 2610 1631 2686 quis
1666 2590 1739 2667 ad
1782 2625 1848 2667 ea
1884 2628 2009 2688 quoe

177 2704 555 2781 interrogatus
584 2704 713 2774 erit,
743 2722 860 2761 non
889 2701 1253 2812 respondeat,
1286 2698 1489 2771 veluti,
1518 2702 1566 2759 si
1592 2700 1782 2760 decem
1810 2720 2009 2761 aureos

177 2816 210 2854 a
233 2804 286 2854 te
313 2794 438 2853 dari
465 2791 785 2875 stipuletur,
817 2804 878 2855 tu
909 2797 1159 2876 quinque
1183 2795 1519 2874 promittas,
1538 2793 1626 2854 vel
1655 2803 1881 2866 contra,
1914 2804 2011 2854 aut

176 2888 221 2945 si
255 2885 348 2945 ille
392 2906 538 2967 pure
587 2885 902 2967 stipuletur,
946 2895 1006 2945 tu
1050 2885 1157 2945 sub
1202 2885 1519 2945 conditione
1560 2888 1881 2967 promittas,
1922 2885 2011 2946 vel

175 2989 368 3040 eontra
385 3026 402 3051 ,
436 2983 485 3039 si
513 2980 683 3041 modo
706 2981 882 3041 silicet
907 2981 963 3040 id
986 2982 1269 3062 exprimas
1290 3025 1305 3051 ,
1336 2980 1393 3038 id
1420 2989 1529 3053 est,
1560 2982 1716 3041 sicui
1742 2980 1849 3040 sub
1874 3000 2009 3041 eon·

175 3071 382 3131 ditione
415 3071 506 3132 vel
533 3074 596 3131 in
623 3072 774 3133 diem
801 3072 1092 3154 stipulanti
1124 3083 1179 3132 tu
1221 3072 1599 3153 respondeas:
1635 3090 1891 3133 rnffisnun
1918 3091 2009 3131 nm

177 3182 404 3225 aronam
423 3211 440 3238 ,
472 3186 616 3226 nam
633 3168 682 3225 si
706 3166 815 3227 hoe
840 3166 1022 3227 solum
1051 3165 1391 3248 respondeas
1416 3188 1429 3224 ε
1455 3184 1712 3226 raonrrro
1733 3188 1745 3223 ε
1770 3162 2013 3224 breviter

179 3257 376 3318 videris
399 3260 461 3319 in
493 3259 750 3321 eamdem
777 3260 926 3320 diem
954 3258 1039 3320 vel
1064 3258 1441 3320 conditionem
1472 3257 1871 3340 spopondisse3
1902 3274 2009 3315 ne-
