2292 3684
684 96 701 104 -
723 37 951 114 Auium
987 71 1329 116 smmum..
1849 65 1954 120 865

106 193 241 234 mus
270 193 360 234 res
389 179 487 234 aut
510 173 657 234 hene
684 182 783 234 aut
807 174 959 236 male
988 174 1276 256 judicatas
1304 193 1600 250 revocare,
1630 175 1777 238 nihil
1811 198 1954 240 con-

4 270 12 299 ‘·
107 276 462 326 summatum
490 267 620 338 erit;
652 268 775 348 ipse
796 265 901 327 tibi
923 265 1167 328 defuisti.

198 373 312 424 lu.
342 361 547 422 Urbico
574 361 793 422 dicente
818 351 1208 434 primitivum,
1241 363 1640 425 manumittere
1674 362 1956 426 volentem

4 457 10 462 “
102 477 339 518 servum
364 457 598 538 (suum),
621 458 857 516 vetitum
883 477 1005 518 esse
1034 477 1069 516 a
1094 457 1353 529 Restuta,
1384 466 1566 517 matre
1598 457 1862 539 pupillam
1895 461 1958 520 in

104 549 376 614 fraudem
408 551 561 610 enim
602 548 833 630 pupilla:
869 549 979 610 hoc
1012 548 1170 621 fieri:
1203 568 1326 610 esse
1354 551 1507 609 enim
1535 570 1668 612 eum
1708 557 1958 614 actorem

6 670 9 673 ·
104 645 267 725 ejus,
289 653 345 704 et
371 663 474 724 per
500 663 634 704 eum
662 663 752 703 res
778 662 976 704 omnes
1003 641 1238 725 pupilla:
1263 641 1720 703 administratas:
1753 644 1958 705 Adria-

102 760 225 800 nus
258 739 583 820 inquisivit,
611 739 775 818 cujus
816 740 991 798 :etatis
1036 721 1261 821 pupilla
1302 735 1485 798 esset?
1513 738 1743 801 DIcente
1781 739 1960 802 advo-

6 840 8 843 ’
102 842 271 905 cato,
305 831 502 892 decem
527 850 649 891 esse
678 849 995 904 annorum,
1016 829 1302 891 Adrianus
1330 829 1506 890 dixit:
1536 831 1720 893 Suade
1740 833 1962 912 judices

102 946 233 986 non
262 924 470 987 dehere
496 944 631 985 eum
652 925 803 985 circa
824 945 953 985 eam
978 923 1424 1006 appellationem
1449 927 1796 988 manumitti.

202 1123 316 1176 11.
344 1109 577 1174 Dicente
608 1111 859 1196 quadam
892 1111 1130 1175 muliere
1167 1113 1524 1194 congiarium
1551 1114 1640 1173 sui
1667 1103 1770 1173 tilii
1795 1113 1963 1175 abla-

106 1215 243 1267 tum
280 1226 403 1267 esse
440 1228 475 1267 a
512 1205 759 1288 quodam
768 1250 1204 1283 .....
1235 1214 1292 1266 et
1329 1205 1550 1267 dicente
1583 1205 1768 1268 filium
1807 1227 1960 1284 esse,

109 1308 171 1360 et
210 1299 285 1359 ad
324 1319 384 1360 se
421 1300 705 1381 pertinere
746 1299 1129 1380 congiarium,
1161 1297 1456 1379 respondit
1492 1297 1698 1360 mulier
1729 1299 1960 1381 (civem)

6 1424 9 1433 ν
106 1387 439 1454 Romanam
466 1413 527 1454 se
556 1393 759 1465 fuisse,
791 1401 847 1453 et
878 1391 1107 1454 tabulas
1133 1390 1321 1453 solum
1347 1393 1778 1473 conscripsisse,
1809 1414 1966 1474 nup-

108 1489 227 1546 tias
251 1492 443 1546 autem
468 1505 585 1547 non
612 1485 785 1546 fuisse
805 1505 818 1542 :
844 1486 1070 1566 negavit
1092 1485 1265 1559 alius,
1287 1485 1389 1565 qui
1415 1503 1478 1544 se
1503 1483 1727 1545 dicebat
1744 1493 1968 1564 patrem

111 1581 414 1661 ejus·esse.
446 1579 731 1639 Adrianus
769 1577 943 1637 dixit:
978 1577 1123 1638 Cum
1161 1596 1298 1659 ergo
1333 1596 1453 1638 non
1487 1579 1595 1638 erit
1624 1575 1776 1638 filius
1805 1586 1962 1652 tuus,

108 1676 475 1756 congiarium
501 1675 625 1752 ejus
653 1669 1042 1752 (manifestum
1067 1679 1153 1734 cst
1175 1672 1420 1754 injuria)
1445 1671 1679 1732 auferri.
1709 1671 1836 1732 Non
1863 1693 1970 1755 po-

112 1777 273 1830 tente
312 1789 449 1850 ergo
484 1786 617 1829 eum
655 1765 951 1828 ostendere
984 1765 1169 1826 filium
1201 1785 1368 1826 suum
1401 1785 1550 1842 esse,
1580 1765 1650 1827 de
1679 1786 1794 1847 quo
1828 1787 1970 1850 age-

112 1864 325 1938 batur,
354 1861 640 1922 Adrianus
671 1861 846 1940 jussit
880 1859 1036 1942 apud
1078 1879 1139 1920 se
1186 1878 1432 1940 puerum
1477 1868 1531 1920 et
1571 1860 1966 1943 interrogavit,

111 1958 278 2042 apud
304 1977 477 2040 quem
500 1952 867 2018 moraretur?
895 1953 1152 2035 (Dicente
1176 1961 1374 2016 autem
1395 1973 1578 2035 puero
1593 1955 1818 2036 :Apud
1841 1977 1968 2019 ma·

112 2053 321 2134 trem)
350 2051 635 2112 Adrianus
660 2049 882 2110 homini
911 2048 1051 2109 dixit
1078 2071 1093 2110 :
1126 2045 1588 2131 Improbissime,
1618 2047 1790 2109 redde
1827 2049 1966 2112 alie·

112 2166 265 2207 num
291 2145 667 2226 congiarium.

200 2249 323 2302 12.
352 2239 583 2300 Petente
620 2237 869 2320 quodam
906 2234 1145 2297 muliere
1178 2234 1248 2295 de
1281 2244 1543 2296 curatore
1577 2233 1682 2294 filii
1716 2237 1834 2310 sui,
1867 2239 1972 2319 qui

107 2338 167 2398 ei
190 2336 508 2396 triennium
526 2353 646 2394 non
670 2333 1005 2414 proestiterat
1025 2329 1296 2390 alimenta
1308 2374 1324 2402 ,
1351 2337 1407 2390 et
1425 2327 1595 2391 hodie
1613 2327 1968 2412 congiarium

106 2432 243 2512 ejus
280 2427 516 2489 abstulit
548 2449 563 2488 :
606 2426 891 2487 Adrianus
936 2431 1258 2485 curatorem
1303 2425 1698 2505 interrogavit,
1738 2425 1967 2506 quando

109 2531 269 2586 esset
294 2529 631 2604 procurator
657 2520 851 2594 datus,
879 2527 935 2581 et
960 2521 1009 2580 si
1036 2518 1176 2602 quid
1203 2518 1550 2599 proestitisset
1575 2515 1840 2598 pupillo?
1857 2518 1968 2578 Cu-

110 2612 279 2681 rator
307 2616 481 2688 dixit,
515 2613 667 2698 quod
693 2617 880 2676 socius
917 2615 1040 2694 ejus
1074 2611 1285 2674 absens
1314 2618 1486 2683 esset,
1517 2617 1574 2672 et
1599 2630 1714 2672 non
1742 2614 1967 2693 potuis-

110 2721 203 2776 set
229 2701 445 2792 aliquid
473 2709 627 2771 solus
653 2717 937 2790 proestare.
961 2707 1246 2768 Adrianus
1263 2706 1404 2766 dixit
1421 2706 1670 2766 curatori
1692 2727 1706 2764 :
1729 2704 1970 2788 Propter

110 2805 231 2869 hoc
255 2825 394 2886 ergo
421 2803 585 2864 datus
604 2821 665 2864 es
678 2848 694 2876 ,
714 2791 777 2862 'ut
798 2801 949 2864 fame
976 2821 1141 2863 neces
1170 2797 1496 2882 pupillum?
1514 2818 1620 2881 pro
1641 2799 1812 2860 modo
1831 2821 1968 2884 ergo

113 2898 409 2963 facultatis
437 2895 711 2957 alimenta
736 2896 789 2956 ei
818 2901 1045 2977 proesta.
1102 2892 1121 2918 ‘

146 2989 156 3000 ’
205 3001 326 3055 18.
358 2991 583 3052 Interea
621 2997 811 3051 autem
852 2986 1233 3070 interpellavit
1268 2987 1398 3068 quis
1434 2985 1685 3048 Adriano
1730 2985 1920 3048 dicens
1951 3012 1967 3049 :

110 3085 253 3148 Filii
279 3085 419 3157 mei,
449 3083 715 3154 Domine,
740 3079 955 3142 militia:
980 3082 1133 3162 capti
1161 3086 1324 3152 sunt:
1350 3078 1634 3140 Adrianus
1661 3077 1834 3140 dixit:
1861 3081 1968 3142 Fe-

109 3181 304 3242 liciter
332 3179 429 3256 [in-
449 3173 655 3254 bono]!
680 3175 991 3256 Respondit
1021 3173 1164 3258 (ille)
1190 3194 1203 3231 ι
1235 3172 1344 3236 Sed
1387 3173 1688 3234 inscientes
1726 3183 1887 3248 sunt,
1913 3183 1970 3236 et

108 3275 291 3333 timeo
315 3289 389 3331 ne
408 3269 545 3351 quid
572 3275 730 3330 extra
757 3267 1017 3328 ordinem
1045 3265 1260 3327 faciant
1285 3271 1340 3327 et
1367 3264 1654 3328 desertum
1681 3285 1774 3328 me
1801 3267 1970 3328 relin-

290 3361 323 3378 “’
1579 3381 1598 3398 x
1623 3359 1691 3416 69
