2292 3684
483 139 628 184 ποετ.
656 139 800 186 mer.
827 143 880 188 ι..
907 107 992 200 in,
1024 140 1082 185 r.
1105 139 1245 186 xxv.
1280 139 1353 184 on
1384 139 1709 186 soem-un.
1891 127 1997 184 48⁷

143 225 388 304 ductio?
425 237 654 305 Cassius
690 245 800 318 ait,
837 245 1097 318 materiae,
1124 241 1351 326 quidem
1392 243 1739 325 emptionem
1776 247 1831 304 et
1856 259 2001 302 ven-

148 335 428 396 ditionem
472 333 764 416 contrahi,
810 357 994 422 operae
1042 346 1230 398 autem
1273 331 1612 398 locationem
1654 343 1709 396 et
1748 333 1999 398 conduc-

148 429 396 500 tionem3
452 425 550 486 sed
597 427 808 508 placuit
852 439 1072 490 tantum
1111 429 1458 509 emptionem
1512 437 1566 488 et
1616 427 1997 488 venditionem

152 517 440 584 contrahi.
484 519 646 592 Quod
690 523 738 582 si
782 541 949 584 suum
992 541 1197 584 aurum
1241 523 1418 582 Titius
1466 518 1703 595 dederit,
1744 519 2000 582 mercede

153 633 262 696 pro
291 633 471 693 opera
504 615 834 689 constituta,
865 611 1104 674 dubium
1135 631 1253 674 non
1282 622 1363 674 est
1391 616 1527 696 quin
1558 611 1759 674 locatio
1787 623 1841 674 et
1868 633 2002 674 con-

155 709 350 768 ductio
377 707 470 768 sit.

235 813 304 864 5.
377 801 701 863 Conductor
754 805 949 864 omnia
1003 801 1315 864 secundum
1372 799 1557 884 legem
1612 801 2003 864 conductionis

155 898 350 958 facere
376 896 578 968 debet3
613 905 698 969 et,
740 900 790 958 si
817 898 954 978 quid
980 900 1044 958 in
1072 897 1195 979 lege
1230 897 1671 978 praetermissum
1703 897 1898 971 fuerit,
1946 896 2003 957 id

158 1012 231 1050 ex
265 990 423 1049 bono
461 997 516 1050 et
551 1005 712 1070 aequo
747 989 911 1050 debet
949 997 1233 1071 praestare.
1266 990 1374 1061 Qui
1412 1009 1518 1071 pro
1558 1007 1665 1049 usu
1702 996 1798 1048 aut
1830 991 2005 1048 vesti-

157 1091 487 1144 mentorum
503 1126 522 1156 ,
555 1091 651 1142 aut
679 1085 927 1165 argenti,
961 1093 1058 1143 aut
1078 1085 1325 1163 jumenti
1350 1081 1668 1144 mercedem
1695 1090 1794 1142 aut
1819 1082 1999 1156 dedit,

161 1186 264 1236 aut
311 1176 600 1256 promisit,
650 1175 724 1235 ab
775 1195 842 1236 eo
887 1175 1140 1236 custodia
1184 1176 1314 1237 talis
1358 1174 1726 1246 desideratur,
1776 1174 2002 1257 qualem

158 1269 628 1350 diligentissimus
657 1268 1066 1349 paterfamilias
1095 1271 1211 1329 suis
1249 1268 1421 1330 rebus
1449 1266 1679 1329 adhibet
1707 1290 1720 1326 ε
1752 1287 1925 1349 quam
1956 1270 2005 1328 si

157 1365 511 1446 praestiterit,
546 1372 600 1422 et
629 1362 820 1444 aliquo
846 1383 980 1423 casu
1009 1381 1146 1424 rem
1166 1365 1436 1436 amiserit,
1462 1361 1531 1424 de
1559 1362 1907 1424 restituenda
1935 1383 2003 1423 ea

158 1478 280 1519 non
308 1455 609 1519 tenebitur.

249 1559 318 1612 Β.
381 1551 609 1614 Mortuo
659 1550 1001 1612 conductore
1057 1551 1209 1611 intra
1262 1555 1523 1632 tempora
1583 1547 2000 1626 conductionis,

164 1643 334 1709 heres
363 1647 488 1728 ejus
521 1641 716 1707 eodem
739 1645 870 1728 jure
896 1645 955 1707 in
985 1643 1356 1708 conductione
1379 1643 1641 1706 succedit.

696 1798 810 1858 Trr.
854 1795 1018 1857 XXV.
1061 1797 1144 1858 Da
1182 1813 1473 1857 somma-re.

241 1927 576 1990 Societatem
613 1931 764 1990 coire
790 1928 1036 1990 solemus
1063 1937 1163 1988 aut
1192 1933 1439 1988 totorum
1473 1925 1753 1988 bonorum
1769 1971 1786 2001 ,
1826 1945 2004 2007 quam

159 2022 342 2084 Greci
369 2015 690 2104 specialiter
715 2019 1082 2105 κοιναπραξίαν
1112 2019 1421 2101 appellant,
1442 2027 1540 2079 aut
1570 2019 1739 2080 unius
1763 2016 2005 2097 alicujus

162 2114 593 2196 negotiationis,
628 2114 796 2174 veluti
831 2113 1249 2194 mancipiorum
1284 2109 1654 2172 emendorum
1680 2110 2003 2173 vendendo-

159 2229 405 2290 rnmque
424 2255 439 2282 ,
472 2217 568 2268 aut
597 2207 736 2283 olei,
769 2208 913 2280 vini,
931 2205 1221 2267 'frumenti
1247 2205 1469 2267 emendi
1498 2203 1906 2286 vendendique.

97 2289 106 2296 ’
241 2305 313 2365 1.
347 2301 418 2362 Et
450 2302 679 2385 quidem
707 2305 756 2363 si
783 2299 928 2362 nihil
955 2299 1026 2363 de
1055 2297 1318 2382 partibus
1342 2297 1487 2361 lucri
1515 2307 1569 2360 et
1597 2299 1793 2361 damni
1818 2297 2005 2360 nomi-

165 2397 348 2456 natim
373 2395 733 2470 convenerit,
777 2393 1018 2478 oequales
1046 2395 1255 2455 scilicet
1282 2401 1470 2476 partes
1498 2403 1552 2454 et
1579 2393 1639 2454 in
1666 2392 1827 2454 lucro
1855 2400 1908 2454 et
1945 2393 2001 2454 in

163 2489 377 2550 damno
419 2495 762 2570 spectantur.
811 2487 973 2560 Quod
1012 2489 1059 2547 si
1101 2507 1362 2568 expresse
1405 2486 1616 2548 fuerint
1657 2497 1871 2568 partes,
1916 2483 2005 2546 hoe

165 2583 378 2644 servari
409 2579 642 2656 debent3
682 2601 786 2642 nec
819 2583 974 2642 enlm
1007 2600 1285 2662 umquam
1313 2577 1552 2640 dubium
1587 2575 1694 2639 suit
1723 2581 1861 2664 quin
1900 2600 2005 2640 va-

163 2673 278 2739 leat
303 2665 634 2748 conventio,
666 2673 715 2735 si
739 2671 851 2737 duo
879 2675 1027 2736 inter
1054 2695 1113 2734 se
1142 2675 1293 2755 pacti
1320 2683 1453 2734 sunt
1478 2683 1542 2734 ut
1569 2672 1641 2733 ad
1674 2695 1853 2734 unum
1881 2674 2003 2756 qui·

161 2769 292 2831 dem
331 2770 460 2831 duae
495 2777 684 2851 partes
723 2779 776 2829 et
815 2768 958 2829 lucri
1002 2776 1055 2827 et
1091 2765 1287 2827 damni
1332 2770 1675 2854 pertineant,
1717 2766 1789 2827 ad
1830 2765 2003 2827 alium

161 2864 345 2926 tertia.

241 2971 306 3021 9.
349 2957 434 3017 De
467 2955 568 3016 illa
607 2975 744 3016 sane
780 2953 1153 3016 conventione
1180 2955 1477 3034 quaesitum
1506 2961 1615 3026 est,
1654 2955 1701 3014 si
1736 2953 1915 3013 Titius
1953 2960 2009 3012 et

165 3053 322 3113 Seius
365 3053 520 3111 inter
563 3069 624 3109 se
669 3051 822 3130 pacti
861 3057 992 3109 sunt
1032 3058 1096 3108 ut
1135 3048 1207 3106 ad
1243 3049 1451 3108 Titium
1491 3045 1633 3106 lucri
1668 3047 1787 3106 duae
1816 3053 2006 3127 partes

165 3144 513 3226 pertineant,
555 3141 750 3202 damni
795 3143 983 3214 tertia,
1029 3138 1101 3201 ad
1147 3141 1340 3201 Seium
1381 3140 1503 3199 duoe
1544 3149 1733 3221 partes
1778 3139 2003 3211 damni,

166 3238 303 3299 lucri
343 3239 545 3310 tertia,
591 3256 666 3294 an
712 3242 834 3295 rata
879 3232 1082 3294 debeat
1127 3232 1330 3292 baberi
1374 3229 1715 3292 conventio?
1762 3230 2005 3304 Quintus

167 3327 380 3392 Mucius
428 3336 629 3391 contra
671 3333 936 3388 naturam
979 3325 1259 3386 societatis
1302 3318 1476 3385 ⁴talem
1521 3325 1835 3405 pactionem
1884 3342 2005 3384 esse
