<?xml version="1.0" encoding="UTF-8"?>
<!DOCTYPE html PUBLIC "-//W3C//DTD XHTML 1.0 Transitional//EN"
    "http://www.w3.org/TR/xhtml1/DTD/xhtml1-transitional.dtd">
<html xmlns="http://www.w3.org/1999/xhtml" xml:lang="en" lang="en">
 <head>
  <title>
</title>
<meta http-equiv="Content-Type" content="text/html;charset=utf-8" />
  <meta name='ocr-system' content='tesseract 3.04.00' />
  <meta name='ocr-capabilities' content='ocr_page ocr_carea ocr_par ocr_line ocrx_word'/>
</head>
<body>
  <div class='ocr_page' id='page_1' title='image "./manualejurissyn00paulgoog_0159.png"; bbox 0 0 2292 3684; ppageno 0'>
   <div class='ocr_carea' id='block_1_1' title="bbox 375 122 1964 219">
    <p class='ocr_par' dir='ltr' id='par_1_1' title="bbox 375 122 1964 219">
     <span class='ocr_line' id='line_1_1' title="bbox 375 122 1964 219; baseline 0.001 -14"><span class='ocrx_word' id='word_1_1' title='bbox 375 162 530 206; x_wconf 81' lang='lat' dir='ltr'><strong>msr.</strong></span> <span class='ocrx_word' id='word_1_2' title='bbox 562 160 707 207; x_wconf 76' lang='lat' dir='ltr'><strong>msr.</strong></span> <span class='ocrx_word' id='word_1_3' title='bbox 746 164 801 205; x_wconf 76' lang='lat' dir='ltr'><strong>r..</strong></span> <span class='ocrx_word' id='word_1_4' title='bbox 831 164 895 219; x_wconf 87' lang='lat'><strong>11,</strong></span> <span class='ocrx_word' id='word_1_5' title='bbox 934 164 990 205; x_wconf 79' lang='grc' dir='ltr'><strong>τ.</strong></span> <span class='ocrx_word' id='word_1_6' title='bbox 1026 164 1103 204; x_wconf 69' lang='grc' dir='ltr'><strong>π.</strong></span> <span class='ocrx_word' id='word_1_7' title='bbox 1142 163 1215 205; x_wconf 75' lang='lat' dir='ltr'><strong>ns</strong></span> <span class='ocrx_word' id='word_1_8' title='bbox 1244 162 1582 205; x_wconf 73' lang='lat' dir='ltr'><strong>usurnucw.</strong></span> <span class='ocrx_word' id='word_1_9' title='bbox 1795 152 1900 207; x_wconf 69' lang='lat'><strong>457</strong></span> <span class='ocrx_word' id='word_1_10' title='bbox 1954 122 1964 137; x_wconf 55' lang='lat'>⁸</span> 
     </span>
    </p>
   </div>
   <div class='ocr_carea' id='block_1_2' title="bbox 62 264 1897 629">
    <p class='ocr_par' dir='ltr' id='par_1_2' title="bbox 65 264 1894 421">
     <span class='ocr_line' id='line_1_2' title="bbox 65 264 1894 349; baseline 0.003 -23"><span class='ocrx_word' id='word_1_11' title='bbox 65 265 486 327; x_wconf 73' lang='lat' dir='ltr'><strong>usumfructum</strong></span> <span class='ocrx_word' id='word_1_12' title='bbox 502 313 517 339; x_wconf 94' lang='lat'>‚</span> <span class='ocrx_word' id='word_1_13' title='bbox 549 287 657 327; x_wconf 89' lang='lat' dir='ltr'><strong>nec</strong></span> <span class='ocrx_word' id='word_1_14' title='bbox 681 268 836 326; x_wconf 88' lang='lat' dir='ltr'><strong>enim</strong></span> <span class='ocrx_word' id='word_1_15' title='bbox 862 273 1110 347; x_wconf 81' lang='lat' dir='ltr'><strong>poterat,</strong></span> <span class='ocrx_word' id='word_1_16' title='bbox 1139 264 1236 326; x_wconf 88' lang='lat' dir='ltr'><strong>sed</strong></span> <span class='ocrx_word' id='word_1_17' title='bbox 1259 285 1366 347; x_wconf 86' lang='lat' dir='ltr'><strong>per</strong></span> <span class='ocrx_word' id='word_1_18' title='bbox 1391 265 1708 328; x_wconf 86' lang='lat' dir='ltr'><strong>cautionem</strong></span> <span class='ocrx_word' id='word_1_19' title='bbox 1730 272 1894 349; x_wconf 86' lang='lat' dir='ltr'><strong>quasi</strong></span> 
     </span>
     <span class='ocr_line' id='line_1_3' title="bbox 68 360 817 421; baseline 0.001 -1"><span class='ocrx_word' id='word_1_20' title='bbox 68 360 490 421; x_wconf 80' lang='lat' dir='ltr'><strong>usumfructum</strong></span> <span class='ocrx_word' id='word_1_21' title='bbox 516 362 817 421; x_wconf 86' lang='lat' dir='ltr'><strong>constituit.</strong></span> 
     </span>
    </p>

    <p class='ocr_par' dir='ltr' id='par_1_3' title="bbox 62 452 1897 629">
     <span class='ocr_line' id='line_1_4' title="bbox 146 452 1897 528; baseline 0.002 -13"><span class='ocrx_word' id='word_1_22' title='bbox 146 466 212 515; x_wconf 72' lang='lat'><strong>8.</strong></span> <span class='ocrx_word' id='word_1_23' title='bbox 240 456 281 513; x_wconf 82' lang='lat' dir='ltr'>F</span> <span class='ocrx_word' id='word_1_24' title='bbox 284 457 466 515; x_wconf 86' lang='lat' dir='ltr'><strong>initur</strong></span> <span class='ocrx_word' id='word_1_25' title='bbox 484 464 672 515; x_wconf 84' lang='lat' dir='ltr'><strong>autem</strong></span> <span class='ocrx_word' id='word_1_26' title='bbox 700 454 1053 515; x_wconf 76' lang='lat' dir='ltr'><strong>ususfructus</strong></span> <span class='ocrx_word' id='word_1_27' title='bbox 1071 460 1250 514; x_wconf 87' lang='lat' dir='ltr'><strong>morte</strong></span> <span class='ocrx_word' id='word_1_28' title='bbox 1269 452 1583 528; x_wconf 79' lang='lat' dir='ltr'><strong>fructuarii,</strong></span> <span class='ocrx_word' id='word_1_29' title='bbox 1608 464 1662 515; x_wconf 91' lang='lat' dir='ltr'><strong>et</strong></span> <span class='ocrx_word' id='word_1_30' title='bbox 1680 454 1897 519; x_wconf 72' lang='lat' dir='ltr'><strong>dunhus</strong></span> 
     </span>
     <span class='ocr_line' id='line_1_5' title="bbox 62 548 1896 629; baseline 0.002 -20"><span class='ocrx_word' id='word_1_31' title='bbox 62 551 265 629; x_wconf 83' lang='lat' dir='ltr'><strong>capitis</strong></span> <span class='ocrx_word' id='word_1_32' title='bbox 293 548 807 624; x_wconf 87' lang='lat' dir='ltr'><strong>deminutionibus,</strong></span> <span class='ocrx_word' id='word_1_33' title='bbox 836 551 1085 609; x_wconf 78' lang='lat' dir='ltr'><strong>maxima</strong></span> <span class='ocrx_word' id='word_1_34' title='bbox 1113 556 1168 609; x_wconf 87' lang='lat' dir='ltr'><strong>et</strong></span> <span class='ocrx_word' id='word_1_35' title='bbox 1196 548 1414 620; x_wconf 87' lang='lat' dir='ltr'><strong>media,</strong></span> <span class='ocrx_word' id='word_1_36' title='bbox 1457 549 1512 609; x_wconf 79' lang='lat' dir='ltr'><strong>e‘t</strong></span> <span class='ocrx_word' id='word_1_37' title='bbox 1547 570 1661 609; x_wconf 91' lang='lat' dir='ltr'><strong>non</strong></span> <span class='ocrx_word' id='word_1_38' title='bbox 1691 552 1896 613; x_wconf 85' lang='lat' dir='ltr'><strong>utendo</strong></span> 
     </span>
    </p>
   </div>
   <div class='ocr_carea' id='block_1_3' title="bbox 60 642 1898 816">
    <p class='ocr_par' dir='ltr' id='par_1_4' title="bbox 60 642 1898 816">
     <span class='ocr_line' id='line_1_6' title="bbox 60 642 1898 727; baseline 0.002 -26"><span class='ocrx_word' id='word_1_39' title='bbox 60 662 169 723; x_wconf 87' lang='lat' dir='ltr'><strong>per</strong></span> <span class='ocrx_word' id='word_1_40' title='bbox 214 642 455 705; x_wconf 89' lang='lat' dir='ltr'><strong>modum</strong></span> <span class='ocrx_word' id='word_1_41' title='bbox 501 654 557 705; x_wconf 86' lang='lat' dir='ltr'><strong>et</strong></span> <span class='ocrx_word' id='word_1_42' title='bbox 599 653 862 726; x_wconf 87' lang='lat' dir='ltr'><strong>tempus:</strong></span> <span class='ocrx_word' id='word_1_43' title='bbox 899 664 1022 727; x_wconf 78' lang='lat' dir='ltr'><strong>quae</strong></span> <span class='ocrx_word' id='word_1_44' title='bbox 1062 644 1256 705; x_wconf 84' lang='lat' dir='ltr'><strong>omnia</strong></span> <span class='ocrx_word' id='word_1_45' title='bbox 1295 651 1492 703; x_wconf 81' lang='lat' dir='ltr'><strong>nostra</strong></span> <span class='ocrx_word' id='word_1_46' title='bbox 1536 646 1728 705; x_wconf 77' lang='lat' dir='ltr'><strong>statuit</strong></span> <span class='ocrx_word' id='word_1_47' title='bbox 1773 666 1898 705; x_wconf 91' lang='lat' dir='ltr'><strong>con—</strong></span> 
     </span>
     <span class='ocr_line' id='line_1_7' title="bbox 62 737 416 816; baseline 0.011 -22"><span class='ocrx_word' id='word_1_48' title='bbox 62 738 279 797; x_wconf 88' lang='lat' dir='ltr'><strong>stitutio</strong></span> <span class='ocrx_word' id='word_1_49' title='bbox 308 737 416 816; x_wconf 89' lang='lat' dir='ltr'><strong>(l).</strong></span> 
     </span>
    </p>
   </div>
   <div class='ocr_carea' id='block_1_4' title="bbox 56 1222 1908 2167">
    <p class='ocr_par' dir='ltr' id='par_1_5' title="bbox 56 1222 1905 1883">
     <span class='ocr_line' id='line_1_8' title="bbox 141 1222 1901 1315; baseline 0.001 -22"><span class='ocrx_word' id='word_1_50' title='bbox 141 1234 287 1293; x_wconf 88' lang='lat' dir='ltr'><strong>Item</strong></span> <span class='ocrx_word' id='word_1_51' title='bbox 312 1234 510 1293; x_wconf 88' lang='lat' dir='ltr'><strong>finitur</strong></span> <span class='ocrx_word' id='word_1_52' title='bbox 538 1222 925 1305; x_wconf 80' lang='lat' dir='ltr'><strong>ususfructus,</strong></span> <span class='ocrx_word' id='word_1_53' title='bbox 957 1234 1005 1293; x_wconf 87' lang='lat' dir='ltr'><strong>si</strong></span> <span class='ocrx_word' id='word_1_54' title='bbox 1032 1232 1263 1294; x_wconf 88' lang='lat' dir='ltr'><strong>domino</strong></span> <span class='ocrx_word' id='word_1_55' title='bbox 1292 1234 1652 1315; x_wconf 75' lang='lat' dir='ltr'><strong>proprietatis</strong></span> <span class='ocrx_word' id='word_1_56' title='bbox 1671 1232 1744 1292; x_wconf 80' lang='lat' dir='ltr'><strong>ab</strong></span> <span class='ocrx_word' id='word_1_57' title='bbox 1764 1253 1901 1294; x_wconf 89' lang='lat' dir='ltr'><strong>usu·—</strong></span> 
     </span>
     <span class='ocr_line' id='line_1_9' title="bbox 57 1326 1904 1409; baseline 0.001 -23"><span class='ocrx_word' id='word_1_58' title='bbox 57 1329 383 1389; x_wconf 86' lang='lat' dir='ltr'><strong>fructuario</strong></span> <span class='ocrx_word' id='word_1_59' title='bbox 418 1327 667 1402; x_wconf 78' lang='lat' dir='ltr'><strong>cedatur,</strong></span> <span class='ocrx_word' id='word_1_60' title='bbox 703 1348 837 1389; x_wconf 81' lang='lat' dir='ltr'><strong>num</strong></span> <span class='ocrx_word' id='word_1_61' title='bbox 876 1327 1123 1389; x_wconf 87' lang='lat' dir='ltr'><strong>cedendo</strong></span> <span class='ocrx_word' id='word_1_62' title='bbox 1165 1336 1432 1388; x_wconf 83' lang='lat' dir='ltr'><strong>extraneo</strong></span> <span class='ocrx_word' id='word_1_63' title='bbox 1468 1327 1610 1386; x_wconf 88' lang='lat' dir='ltr'><strong>nihil</strong></span> <span class='ocrx_word' id='word_1_64' title='bbox 1639 1330 1784 1409; x_wconf 76' lang='lat' dir='ltr'><strong>sgit;</strong></span> <span class='ocrx_word' id='word_1_65' title='bbox 1815 1326 1904 1387; x_wconf 86' lang='lat' dir='ltr'><strong>vel</strong></span> 
     </span>
     <span class='ocr_line' id='line_1_10' title="bbox 56 1422 1898 1503; baseline -0.001 -21"><span class='ocrx_word' id='word_1_66' title='bbox 56 1445 129 1483; x_wconf 83' lang='lat' dir='ltr'><strong>ex</strong></span> <span class='ocrx_word' id='word_1_67' title='bbox 172 1424 459 1483; x_wconf 81' lang='lat' dir='ltr'><strong>contrario</strong></span> <span class='ocrx_word' id='word_1_68' title='bbox 502 1424 549 1482; x_wconf 90' lang='lat' dir='ltr'><strong>si</strong></span> <span class='ocrx_word' id='word_1_69' title='bbox 590 1423 931 1483; x_wconf 78' lang='lat' dir='ltr'><strong>fructuarius</strong></span> <span class='ocrx_word' id='word_1_70' title='bbox 979 1426 1382 1503; x_wconf 83' lang='lat' dir='ltr'><strong>proprietatem</strong></span> <span class='ocrx_word' id='word_1_71' title='bbox 1421 1424 1506 1481; x_wconf 88' lang='lat' dir='ltr'><strong>rei</strong></span> <span class='ocrx_word' id='word_1_72' title='bbox 1542 1422 1898 1503; x_wconf 75' lang='lat' dir='ltr'><strong>adquisierit,</strong></span> 
     </span>
     <span class='ocr_line' id='line_1_11' title="bbox 56 1514 1905 1598; baseline -0.001 -23"><span class='ocrx_word' id='word_1_73' title='bbox 56 1537 189 1597; x_wconf 77' lang='lat' dir='ltr'><strong>quae</strong></span> <span class='ocrx_word' id='word_1_74' title='bbox 232 1536 325 1576; x_wconf 85' lang='lat' dir='ltr'><strong>res</strong></span> <span class='ocrx_word' id='word_1_75' title='bbox 362 1515 733 1577; x_wconf 84' lang='lat' dir='ltr'><strong>consolidatio</strong></span> <span class='ocrx_word' id='word_1_76' title='bbox 776 1516 1110 1598; x_wconf 81' lang='lat' dir='ltr'><strong>appellatur.</strong></span> <span class='ocrx_word' id='word_1_77' title='bbox 1159 1518 1240 1575; x_wconf 92' lang='lat' dir='ltr'><strong>Eo</strong></span> <span class='ocrx_word' id='word_1_78' title='bbox 1283 1514 1528 1596; x_wconf 83' lang='lat' dir='ltr'><strong>amplius</strong></span> <span class='ocrx_word' id='word_1_79' title='bbox 1571 1524 1810 1588; x_wconf 88' lang='lat' dir='ltr'><strong>constat,</strong></span> <span class='ocrx_word' id='word_1_80' title='bbox 1857 1517 1905 1574; x_wconf 92' lang='lat' dir='ltr'><strong>si</strong></span> 
     </span>
     <span class='ocr_line' id='line_1_12' title="bbox 58 1610 1904 1692; baseline -0.001 -23"><span class='ocrx_word' id='word_1_81' title='bbox 58 1610 209 1671; x_wconf 83' lang='lat' dir='ltr'><strong>aedcs</strong></span> <span class='ocrx_word' id='word_1_82' title='bbox 237 1610 505 1671; x_wconf 88' lang='lat' dir='ltr'><strong>incendio</strong></span> <span class='ocrx_word' id='word_1_83' title='bbox 542 1619 886 1692; x_wconf 82' lang='lat' dir='ltr'><strong>consumptae</strong></span> <span class='ocrx_word' id='word_1_84' title='bbox 921 1610 1164 1684; x_wconf 87' lang='lat' dir='ltr'><strong>fuerint,</strong></span> <span class='ocrx_word' id='word_1_85' title='bbox 1208 1610 1292 1671; x_wconf 84' lang='lat' dir='ltr'><strong>vel</strong></span> <span class='ocrx_word' id='word_1_86' title='bbox 1334 1612 1502 1669; x_wconf 85' lang='lat' dir='ltr'><strong>etiam</strong></span> <span class='ocrx_word' id='word_1_87' title='bbox 1541 1619 1704 1669; x_wconf 80' lang='lat' dir='ltr'><strong>terrae</strong></span> <span class='ocrx_word' id='word_1_88' title='bbox 1747 1619 1904 1668; x_wconf 89' lang='lat' dir='ltr'><strong>motu</strong></span> 
     </span>
     <span class='ocr_line' id='line_1_13' title="bbox 62 1704 1905 1787; baseline 0 -25"><span class='ocrx_word' id='word_1_89' title='bbox 62 1714 166 1763; x_wconf 83' lang='lat' dir='ltr'><strong>aut</strong></span> <span class='ocrx_word' id='word_1_90' title='bbox 212 1707 344 1765; x_wconf 85' lang='lat' dir='ltr'><strong>vitio</strong></span> <span class='ocrx_word' id='word_1_91' title='bbox 392 1726 497 1766; x_wconf 89' lang='lat' dir='ltr'><strong>suo</strong></span> <span class='ocrx_word' id='word_1_92' title='bbox 544 1707 885 1775; x_wconf 85' lang='lat' dir='ltr'><strong>corruerint,</strong></span> <span class='ocrx_word' id='word_1_93' title='bbox 945 1705 1194 1787; x_wconf 79' lang='lat' dir='ltr'><strong>extingui</strong></span> <span class='ocrx_word' id='word_1_94' title='bbox 1241 1704 1685 1777; x_wconf 86' lang='lat' dir='ltr'><strong>usumfructum,</strong></span> <span class='ocrx_word' id='word_1_95' title='bbox 1731 1711 1784 1763; x_wconf 85' lang='lat' dir='ltr'><strong>et</strong></span> <span class='ocrx_word' id='word_1_96' title='bbox 1830 1722 1905 1762; x_wconf 84' lang='lat' dir='ltr'><strong>nc</strong></span> 
     </span>
     <span class='ocr_line' id='line_1_14' title="bbox 62 1800 1158 1883; baseline 0.003 -25"><span class='ocrx_word' id='word_1_97' title='bbox 62 1819 216 1859; x_wconf 79' lang='lat' dir='ltr'><strong>ureae</strong></span> <span class='ocrx_word' id='word_1_98' title='bbox 246 1800 471 1883; x_wconf 85' lang='lat' dir='ltr'><strong>quidem</strong></span> <span class='ocrx_word' id='word_1_99' title='bbox 501 1800 918 1860; x_wconf 75' lang='lat' dir='ltr'><strong>usumfructum</strong></span> <span class='ocrx_word' id='word_1_100' title='bbox 944 1800 1158 1861; x_wconf 87' lang='lat' dir='ltr'><strong>deberi.</strong></span> 
     </span>
    </p>

    <p class='ocr_par' dir='ltr' id='par_1_6' title="bbox 60 1893 1908 2167">
     <span class='ocr_line' id='line_1_15' title="bbox 147 1893 1908 1967; baseline -0.002 -13"><span class='ocrx_word' id='word_1_101' title='bbox 147 1904 219 1954; x_wconf 70' lang='lat'><strong>4.</strong></span> <span class='ocrx_word' id='word_1_102' title='bbox 270 1895 409 1954; x_wconf 87' lang='lat' dir='ltr'><strong>Cum</strong></span> <span class='ocrx_word' id='word_1_103' title='bbox 462 1904 651 1955; x_wconf 85' lang='lat' dir='ltr'><strong>autem</strong></span> <span class='ocrx_word' id='word_1_104' title='bbox 697 1894 891 1955; x_wconf 83' lang='lat' dir='ltr'><strong>finitus</strong></span> <span class='ocrx_word' id='word_1_105' title='bbox 939 1893 1107 1953; x_wconf 87' lang='lat' dir='ltr'><strong>fuerit</strong></span> <span class='ocrx_word' id='word_1_106' title='bbox 1164 1893 1553 1967; x_wconf 84' lang='lat' dir='ltr'><strong>ususfructus,</strong></span> <span class='ocrx_word' id='word_1_107' title='bbox 1610 1894 1908 1953; x_wconf 86' lang='lat' dir='ltr'><strong>revertitur</strong></span> 
     </span>
     <span class='ocr_line' id='line_1_16' title="bbox 60 1986 1908 2071; baseline -0.001 -24"><span class='ocrx_word' id='word_1_108' title='bbox 60 1986 276 2048; x_wconf 83' lang='lat' dir='ltr'><strong>scilicet</strong></span> <span class='ocrx_word' id='word_1_109' title='bbox 304 1990 375 2049; x_wconf 86' lang='lat' dir='ltr'><strong>ad</strong></span> <span class='ocrx_word' id='word_1_110' title='bbox 394 1992 817 2071; x_wconf 84' lang='lat' dir='ltr'><strong>proprietatem,</strong></span> <span class='ocrx_word' id='word_1_111' title='bbox 842 1998 897 2050; x_wconf 86' lang='lat' dir='ltr'><strong>et</strong></span> <span class='ocrx_word' id='word_1_112' title='bbox 920 2009 987 2049; x_wconf 83' lang='lat' dir='ltr'><strong>ex</strong></span> <span class='ocrx_word' id='word_1_113' title='bbox 1005 2009 1071 2049; x_wconf 84' lang='lat' dir='ltr'><strong>eo</strong></span> <span class='ocrx_word' id='word_1_114' title='bbox 1087 1996 1340 2070; x_wconf 87' lang='lat' dir='ltr'><strong>tempore</strong></span> <span class='ocrx_word' id='word_1_115' title='bbox 1355 1988 1520 2048; x_wconf 85' lang='lat' dir='ltr'><strong>nudae</strong></span> <span class='ocrx_word' id='word_1_116' title='bbox 1547 1988 1908 2071; x_wconf 87' lang='lat' dir='ltr'><strong>proprietatis</strong></span> 
     </span>
     <span class='ocr_line' id='line_1_17' title="bbox 60 2082 1609 2167; baseline 0.001 -24"><span class='ocrx_word' id='word_1_117' title='bbox 60 2083 331 2144; x_wconf 86' lang='lat' dir='ltr'><strong>dominus</strong></span> <span class='ocrx_word' id='word_1_118' title='bbox 358 2087 559 2166; x_wconf 88' lang='lat' dir='ltr'><strong>incipit</strong></span> <span class='ocrx_word' id='word_1_119' title='bbox 587 2084 816 2166; x_wconf 86' lang='lat' dir='ltr'><strong>plenam</strong></span> <span class='ocrx_word' id='word_1_120' title='bbox 843 2087 901 2144; x_wconf 89' lang='lat' dir='ltr'><strong>in</strong></span> <span class='ocrx_word' id='word_1_121' title='bbox 931 2105 993 2145; x_wconf 88' lang='lat' dir='ltr'><strong>re</strong></span> <span class='ocrx_word' id='word_1_122' title='bbox 1019 2082 1233 2144; x_wconf 85' lang='lat' dir='ltr'><strong>habere</strong></span> <span class='ocrx_word' id='word_1_123' title='bbox 1261 2092 1609 2167; x_wconf 67' lang='lat' dir='ltr'><strong>potestatem.</strong></span> 
     </span>
    </p>
   </div>
   <div class='ocr_carea' id='block_1_5' title="bbox 524 2224 1444 2287">
    <p class='ocr_par' dir='ltr' id='par_1_7' title="bbox 524 2224 1444 2287">
     <span class='ocr_line' id='line_1_18' title="bbox 524 2224 1444 2287; baseline 0.002 -2"><span class='ocrx_word' id='word_1_124' title='bbox 524 2226 638 2285; x_wconf 82' lang='grc' dir='ltr'><strong>Τιτ.</strong></span> <span class='ocrx_word' id='word_1_125' title='bbox 670 2225 734 2285; x_wconf 86' lang='lat' dir='ltr'><strong>V.</strong></span> <span class='ocrx_word' id='word_1_126' title='bbox 768 2224 851 2285; x_wconf 81' lang='lat' dir='ltr'><strong>Ds:</strong></span> <span class='ocrx_word' id='word_1_127' title='bbox 878 2244 971 2287; x_wconf 85' lang='lat' dir='ltr'><strong>usu</strong></span> <span class='ocrx_word' id='word_1_128' title='bbox 994 2244 1059 2286; x_wconf 78' lang='lat' dir='ltr'><strong>m·</strong></span> <span class='ocrx_word' id='word_1_129' title='bbox 1081 2241 1444 2287; x_wconf 68' lang='lat' dir='ltr'><strong>nssrrmoss.</strong></span> 
     </span>
    </p>
   </div>
   <div class='ocr_carea' id='block_1_6' title="bbox 62 2338 1906 3053">
    <p class='ocr_par' dir='ltr' id='par_1_8' title="bbox 62 2338 1902 2607">
     <span class='ocr_line' id='line_1_19' title="bbox 144 2338 1902 2421; baseline 0.001 -24"><span class='ocrx_word' id='word_1_130' title='bbox 144 2338 351 2398; x_wconf 86' lang='lat' dir='ltr'><strong>lisdem</strong></span> <span class='ocrx_word' id='word_1_131' title='bbox 382 2340 501 2399; x_wconf 86' lang='lat' dir='ltr'><strong>istis</strong></span> <span class='ocrx_word' id='word_1_132' title='bbox 527 2339 709 2401; x_wconf 89' lang='lat' dir='ltr'><strong>modis</strong></span> <span class='ocrx_word' id='word_1_133' title='bbox 727 2339 937 2421; x_wconf 87' lang='lat' dir='ltr'><strong>quibus</strong></span> <span class='ocrx_word' id='word_1_134' title='bbox 963 2340 1314 2400; x_wconf 86' lang='lat' dir='ltr'><strong>ususfructus</strong></span> <span class='ocrx_word' id='word_1_135' title='bbox 1337 2340 1708 2409; x_wconf 87' lang='lat' dir='ltr'><strong>constituitur,</strong></span> <span class='ocrx_word' id='word_1_136' title='bbox 1734 2338 1902 2398; x_wconf 86' lang='lat' dir='ltr'><strong>etiam</strong></span> 
     </span>
     <span class='ocr_line' id='line_1_20' title="bbox 62 2430 1898 2515; baseline 0 -24"><span class='ocrx_word' id='word_1_137' title='bbox 62 2432 253 2492; x_wconf 84' lang='lat' dir='ltr'><strong>nudus</strong></span> <span class='ocrx_word' id='word_1_138' title='bbox 280 2450 415 2493; x_wconf 86' lang='lat' dir='ltr'><strong>usus</strong></span> <span class='ocrx_word' id='word_1_139' title='bbox 444 2436 705 2494; x_wconf 88' lang='lat' dir='ltr'><strong>constitui</strong></span> <span class='ocrx_word' id='word_1_140' title='bbox 734 2433 901 2506; x_wconf 83' lang='lat' dir='ltr'><strong>solet3</strong></span> <span class='ocrx_word' id='word_1_141' title='bbox 946 2432 1262 2515; x_wconf 83' lang='lat' dir='ltr'><strong>iisdemque</strong></span> <span class='ocrx_word' id='word_1_142' title='bbox 1297 2432 1410 2493; x_wconf 86' lang='lat' dir='ltr'><strong>illis</strong></span> <span class='ocrx_word' id='word_1_143' title='bbox 1448 2432 1629 2493; x_wconf 89' lang='lat' dir='ltr'><strong>modis</strong></span> <span class='ocrx_word' id='word_1_144' title='bbox 1671 2430 1898 2505; x_wconf 77' lang='lat' dir='ltr'><strong>finitur,</strong></span> 
     </span>
     <span class='ocr_line' id='line_1_21' title="bbox 62 2525 989 2607; baseline 0.001 -21"><span class='ocrx_word' id='word_1_145' title='bbox 62 2525 273 2607; x_wconf 87' lang='lat' dir='ltr'><strong>quibus</strong></span> <span class='ocrx_word' id='word_1_146' title='bbox 304 2536 359 2587; x_wconf 86' lang='lat' dir='ltr'><strong>et</strong></span> <span class='ocrx_word' id='word_1_147' title='bbox 388 2528 741 2587; x_wconf 86' lang='lat' dir='ltr'><strong>ususfructus</strong></span> <span class='ocrx_word' id='word_1_148' title='bbox 770 2528 989 2588; x_wconf 85' lang='lat' dir='ltr'><strong>desinit.</strong></span> 
     </span>
    </p>

    <p class='ocr_par' dir='ltr' id='par_1_9' title="bbox 64 2620 1906 3053">
     <span class='ocr_line' id='line_1_22' title="bbox 150 2620 1906 2701; baseline -0.001 -20"><span class='ocrx_word' id='word_1_149' title='bbox 150 2634 215 2681; x_wconf 83' lang='lat'><strong>1.</strong></span> <span class='ocrx_word' id='word_1_150' title='bbox 249 2621 439 2681; x_wconf 87' lang='lat' dir='ltr'><strong>Minus</strong></span> <span class='ocrx_word' id='word_1_151' title='bbox 468 2628 657 2681; x_wconf 86' lang='lat' dir='ltr'><strong>autem</strong></span> <span class='ocrx_word' id='word_1_152' title='bbox 687 2620 1056 2701; x_wconf 86' lang='lat' dir='ltr'><strong>scilicetjuris</strong></span> <span class='ocrx_word' id='word_1_153' title='bbox 1098 2628 1182 2679; x_wconf 86' lang='lat' dir='ltr'><strong>est</strong></span> <span class='ocrx_word' id='word_1_154' title='bbox 1221 2620 1282 2678; x_wconf 90' lang='lat' dir='ltr'><strong>in</strong></span> <span class='ocrx_word' id='word_1_155' title='bbox 1320 2640 1427 2679; x_wconf 90' lang='lat' dir='ltr'><strong>usu</strong></span> <span class='ocrx_word' id='word_1_156' title='bbox 1467 2638 1639 2700; x_wconf 82' lang='lat' dir='ltr'><strong>quam</strong></span> <span class='ocrx_word' id='word_1_157' title='bbox 1673 2621 1733 2678; x_wconf 89' lang='lat' dir='ltr'><strong>in</strong></span> <span class='ocrx_word' id='word_1_158' title='bbox 1773 2639 1906 2679; x_wconf 67' lang='lat' dir='ltr'><strong>usu-b</strong></span> 
     </span>
     <span class='ocr_line' id='line_1_23' title="bbox 66 2712 1903 2795; baseline 0.002 -26"><span class='ocrx_word' id='word_1_159' title='bbox 66 2712 271 2774; x_wconf 81' lang='lat' dir='ltr'><strong>fructu.</strong></span> <span class='ocrx_word' id='word_1_160' title='bbox 324 2714 583 2795; x_wconf 86' lang='lat' dir='ltr'><strong>Namque</strong></span> <span class='ocrx_word' id='word_1_161' title='bbox 623 2715 671 2772; x_wconf 89' lang='lat' dir='ltr'><strong>is</strong></span> <span class='ocrx_word' id='word_1_162' title='bbox 709 2715 805 2794; x_wconf 91' lang='lat' dir='ltr'><strong>qui</strong></span> <span class='ocrx_word' id='word_1_163' title='bbox 851 2713 1013 2773; x_wconf 86' lang='lat' dir='ltr'><strong>fundi</strong></span> <span class='ocrx_word' id='word_1_164' title='bbox 1056 2712 1273 2772; x_wconf 90' lang='lat' dir='ltr'><strong>nudum</strong></span> <span class='ocrx_word' id='word_1_165' title='bbox 1316 2712 1487 2772; x_wconf 86' lang='lat' dir='ltr'><strong>habet</strong></span> <span class='ocrx_word' id='word_1_166' title='bbox 1521 2734 1712 2786; x_wconf 88' lang='lat' dir='ltr'><strong>usum,</strong></span> <span class='ocrx_word' id='word_1_167' title='bbox 1759 2712 1903 2772; x_wconf 88' lang='lat' dir='ltr'><strong>nihil</strong></span> 
     </span>
     <span class='ocr_line' id='line_1_24' title="bbox 64 2805 1904 2888; baseline 0.002 -27"><span class='ocrx_word' id='word_1_168' title='bbox 64 2805 298 2866; x_wconf 86' lang='lat' dir='ltr'><strong>ulterius</strong></span> <span class='ocrx_word' id='word_1_169' title='bbox 324 2805 541 2867; x_wconf 84' lang='lat' dir='ltr'><strong>habere</strong></span> <span class='ocrx_word' id='word_1_170' title='bbox 568 2805 903 2888; x_wconf 75' lang='lat' dir='ltr'><strong>intelligitur</strong></span> <span class='ocrx_word' id='word_1_171' title='bbox 929 2826 1100 2887; x_wconf 89' lang='lat' dir='ltr'><strong>quam</strong></span> <span class='ocrx_word' id='word_1_172' title='bbox 1129 2814 1190 2864; x_wconf 93' lang='lat' dir='ltr'><strong>ut</strong></span> <span class='ocrx_word' id='word_1_173' title='bbox 1222 2805 1501 2880; x_wconf 67' lang='lat' dir='ltr'><strong>olei-ihm,</strong></span> <span class='ocrx_word' id='word_1_174' title='bbox 1545 2807 1762 2887; x_wconf 85' lang='lat' dir='ltr'><strong>pomis,</strong></span> <span class='ocrx_word' id='word_1_175' title='bbox 1798 2806 1904 2865; x_wconf 89' lang='lat' dir='ltr'><strong>sso-</strong></span> 
     </span>
     <span class='ocr_line' id='line_1_25' title="bbox 64 2896 1903 2981; baseline 0.004 -28"><span class='ocrx_word' id='word_1_176' title='bbox 64 2896 258 2971; x_wconf 84' lang='lat' dir='ltr'><strong>ribus,</strong></span> <span class='ocrx_word' id='word_1_177' title='bbox 302 2900 481 2974; x_wconf 84' lang='lat' dir='ltr'><strong>foeno,</strong></span> <span class='ocrx_word' id='word_1_178' title='bbox 527 2902 849 2960; x_wconf 87' lang='lat' dir='ltr'><strong>stramentis</strong></span> <span class='ocrx_word' id='word_1_179' title='bbox 888 2909 942 2959; x_wconf 88' lang='lat' dir='ltr'><strong>et</strong></span> <span class='ocrx_word' id='word_1_180' title='bbox 980 2899 1150 2981; x_wconf 78' lang='lat' dir='ltr'><strong>lignis</strong></span> <span class='ocrx_word' id='word_1_181' title='bbox 1193 2899 1264 2959; x_wconf 90' lang='lat' dir='ltr'><strong>ad</strong></span> <span class='ocrx_word' id='word_1_182' title='bbox 1306 2920 1473 2960; x_wconf 90' lang='lat' dir='ltr'><strong>usum</strong></span> <span class='ocrx_word' id='word_1_183' title='bbox 1517 2900 1903 2981; x_wconf 82' lang='lat' dir='ltr'><strong>quotidianum</strong></span> 
     </span>
     <span class='ocr_line' id='line_1_26' title="bbox 68 2998 274 3053; baseline 0.024 -5"><span class='ocrx_word' id='word_1_184' title='bbox 68 2998 274 3053; x_wconf 79' lang='lat' dir='ltr'><strong>utatur.</strong></span> 
     </span>
    </p>
   </div>
   <div class='ocr_carea' id='block_1_7' title="bbox 154 3075 1905 3169">
    <p class='ocr_par' dir='ltr' id='par_1_10' title="bbox 154 3075 1905 3169">
     <span class='ocr_line' id='line_1_27' title="bbox 154 3075 1905 3169; baseline 0.003 -26"><span class='ocrx_word' id='word_1_185' title='bbox 154 3084 214 3144; x_wconf 86' lang='lat' dir='ltr'><strong>ln</strong></span> <span class='ocrx_word' id='word_1_186' title='bbox 242 3105 311 3147; x_wconf 89' lang='lat' dir='ltr'><strong>eo</strong></span> <span class='ocrx_word' id='word_1_187' title='bbox 335 3106 563 3169; x_wconf 83' lang='lat' dir='ltr'><strong>quoquc</strong></span> <span class='ocrx_word' id='word_1_188' title='bbox 588 3086 763 3147; x_wconf 88' lang='lat' dir='ltr'><strong>fundo</strong></span> <span class='ocrx_word' id='word_1_189' title='bbox 790 3088 1064 3149; x_wconf 87' lang='lat' dir='ltr'><strong>hactenus</strong></span> <span class='ocrx_word' id='word_1_190' title='bbox 1092 3090 1141 3149; x_wconf 89' lang='lat' dir='ltr'><strong>ei</strong></span> <span class='ocrx_word' id='word_1_191' title='bbox 1170 3089 1384 3149; x_wconf 85' lang='lat' dir='ltr'><strong>morari</strong></span> <span class='ocrx_word' id='word_1_192' title='bbox 1414 3087 1570 3161; x_wconf 86' lang='lat' dir='ltr'><strong>lieet,</strong></span> <span class='ocrx_word' id='word_1_193' title='bbox 1619 3096 1680 3147; x_wconf 91' lang='lat' dir='ltr'><strong>ut</strong></span> <span class='ocrx_word' id='word_1_194' title='bbox 1722 3075 1905 3169; x_wconf 72' lang='lat' dir='ltr'><strong>neque</strong></span> 
     </span>
    </p>
   </div>
   <div class='ocr_carea' id='block_1_8' title="bbox 140 3361 1576 3429">
    <p class='ocr_par' dir='ltr' id='par_1_11' title="bbox 140 3361 1576 3429">
     <span class='ocr_line' id='line_1_28' title="bbox 140 3361 1576 3429; baseline 0.001 -19"><span class='ocrx_word' id='word_1_195' title='bbox 140 3361 207 3425; x_wconf 88' lang='lat'><strong>(1)</strong></span> <span class='ocrx_word' id='word_1_196' title='bbox 229 3364 278 3414; x_wconf 80' lang='lat' dir='ltr'><strong>L.</strong></span> <span class='ocrx_word' id='word_1_197' title='bbox 307 3366 387 3423; x_wconf 81' lang='lat'><strong>16,</strong></span> <span class='ocrx_word' id='word_1_198' title='bbox 409 3361 581 3429; x_wconf 69' lang='lat' dir='ltr'><strong>pr.,§§</strong></span> <span class='ocrx_word' id='word_1_199' title='bbox 606 3368 647 3422; x_wconf 88' lang='grc' dir='ltr'><strong>ι,</strong></span> <span class='ocrx_word' id='word_1_200' title='bbox 668 3368 716 3425; x_wconf 80' lang='lat'><strong>2,</strong></span> <span class='ocrx_word' id='word_1_201' title='bbox 738 3370 791 3416; x_wconf 81' lang='lat' dir='ltr'><strong>c.</strong></span> <span class='ocrx_word' id='word_1_202' title='bbox 815 3362 887 3413; x_wconf 74' lang='lat' dir='ltr'><strong>De</strong></span> <span class='ocrx_word' id='word_1_203' title='bbox 906 3366 1053 3428; x_wconf 71' lang='lat' dir='ltr'><strong>mute.</strong></span> <span class='ocrx_word' id='word_1_204' title='bbox 1078 3374 1125 3413; x_wconf 75' lang='lat' dir='ltr'><strong>et</strong></span> <span class='ocrx_word' id='word_1_205' title='bbox 1140 3364 1331 3415; x_wconf 70' lang='grc' dir='ltr'><strong>Ιιαόῐωε.</strong></span> <span class='ocrx_word' id='word_1_206' title='bbox 1361 3367 1456 3426; x_wconf 82' lang='lat' dir='ltr'><strong>(m,</strong></span> <span class='ocrx_word' id='word_1_207' title='bbox 1477 3364 1576 3427; x_wconf 79' lang='lat'>3³).</span> 
     </span>
    </p>
   </div>
  </div>
 </body>
</html>
