2292 3684
268 151 338 208 te
419 163 534 205 cm
561 161 702 207 mar.
745 163 795 204 c.
828 163 880 219 ι,
915 151 976 216 ss
1001 151 1090 220 55,
1116 151 1207 209 56.
1248 165 1321 206 nr.
1350 165 1587 208 ranam.
1622 166 1951 209 tvo-rasura.

269 268 616 340 dominium,
647 287 784 327 nam
816 267 907 327 vel
939 269 999 327 in
1036 268 1235 341 boniS,
1265 267 1353 329 vel
1391 289 1460 330 ex
1490 273 1625 351 jure
1652 270 1985 342 Quiritium,
2018 268 2118 330 vel

269 383 340 423 ex
373 370 612 443 utroque
643 364 775 443 jure
809 364 1083 444 cujusque
1120 383 1315 424 servus
1352 385 1473 424 esee
1508 364 1866 446 intelligitur,
1898 367 1976 424 ita
2004 366 2119 426 de-

268 476 428 518 mum
455 475 681 516 servum
707 459 768 514 in
793 465 1068 537 potestate
1090 457 1307 518 domini
1334 477 1456 519 ease
1480 457 1752 531 dicemus,
1775 459 1823 518 ai
1850 461 1911 518 in
1937 459 2117 519 bonis

269 554 392 633 ejus
419 552 516 625 ait,
547 552 768 611 etiamsi
790 550 960 611 simul
989 571 1057 612 ex
1079 553 1211 630 jure
1238 553 1544 627 Quiritium
1571 552 1824 632 ejusdem
1852 572 1969 613 non
1998 554 2111 624 sitg

269 665 406 706 nam
443 648 541 726 qui
577 644 796 705 nudum
825 646 922 724 jus
955 643 1262 715 Quiritium
1296 647 1357 704 in
1398 665 1560 706 servo
1596 644 1799 720 habet,
1826 647 1877 706 ia
1912 654 2123 728 potes-

269 747 441 800 tatem
467 739 679 799 habere
707 757 821 798 non
852 738 1201 822 intelligitur.

349 843 463 896 55.
509 831 655 893 Item
708 833 770 892 in
806 841 1078 915 potestate
1113 841 1311 894 nostra
1348 841 1483 894 sunt
1516 831 1685 896 liberi
1722 835 1925 907 nostri,
1963 852 2123 915 quos

261 929 428 1007 justia
453 927 666 1009 nuptiis
699 929 1137 1010 procreavimus.
1498 917 1507 924 ’

698 1057 1036 1122 Monesi-mus,
1067 1056 1161 1110 lib.
1194 1059 1224 1107 1
1241 1056 1567 1120 aequem-um
1592 1054 1685 1121 (t).

335 1149 534 1215 Nuptiae
559 1147 681 1201 sunt
709 1150 995 1214 conjunctio
1021 1151 1174 1201 marla
1202 1149 1257 1202 et
1273 1149 1505 1212 feminae,
1528 1152 1581 1202 et
1604 1147 1916 1202 consortium
1942 1147 2113 1202 omnis

268 1229 418 1296 vitm,
448 1230 607 1282 divini
635 1231 686 1282 et
713 1230 921 1283 humani
939 1229 1071 1295 luris
1093 1227 1503 1282 communicatio.

349 1343 511 1418 Quod
536 1345 633 1425 jus
669 1345 969 1428 proprium
1007 1343 1217 1405 civium
1252 1343 1641 1404 Romanorum
1665 1351 1776 1416 θείς
1809 1341 1927 1403 fere
1954 1343 2113 1403 enim

269 1439 412 1502 nulli
459 1438 558 1499 alii
597 1448 730 1500 sunt
768 1438 1029 1499 homines
1070 1440 1170 1521 qui
1210 1437 1379 1499 talem
1427 1438 1486 1496 in
1538 1437 1681 1498 filios
1722 1456 1855 1497 suos
1892 1435 2115 1498 habent

271 1541 630 1617 potestatem,
664 1532 890 1614 qualem
919 1553 1024 1594 nos
1045 1531 1327 1592 habemus
1353 1553 1368 1591 ε
1401 1531 1572 1612 idque
1599 1531 1759 1592 divus
1787 1529 2114 1591 Hadrianus

270 1626 479 1700 edicte,
515 1625 667 1706 quod
698 1627 996 1707 proposuit
1023 1625 1091 1684 de
1127 1624 1217 1684 his
1256 1624 1357 1708 qui
1392 1623 1503 1684 sihi
1534 1623 1842 1706 liberisque
1878 1625 1994 1682 auis
2031 1621 2112 1683 ab

270 1740 337 1780 eo
381 1719 656 1780 civitatem
704 1718 1020 1778 Romanam
1075 1713 1378 1797 petebant,
1438 1717 1792 1800 significavit.
1852 1717 1965 1778 Nec
2015 1736 2115 1776 me

272 1814 519 1895 praeterit
546 1811 874 1872 Galatarum
903 1818 1129 1894 gentem
1147 1809 1405 1888 credere,
1426 1811 1485 1869 in
1504 1819 1779 1894 potestate
1804 1816 2115 1894 parentum

272 1907 482 1968 liberos
516 1927 655 1968 esse.

688 2042 960 2105 Utrumne,
983 2039 1075 2096 lib.
1097 2041 1131 2094 Ι
1155 2040 1570 2094 Institutionum
1591 2037 1683 2105 (2).

337 2134 462 2184 Nam
499 2131 688 2184 civium
715 2133 1050 2184 Romanorum
1081 2129 1291 2194 quidam
1328 2129 1451 2182 sunt
1478 2125 1953 2196 patresfamiliarum
1969 2161 1987 2192 ,
2022 2125 2113 2180 alii

269 2214 699 2275 filiifamiliarum‚
728 2211 961 2276 quaedam
998 2209 1525 2276 matresfamiliarum,
1565 2209 1797 2274 quaedam
1838 2208 2111 2262 fllioet'ami·

270 2295 472 2345 liarum.
509 2289 988 2345 patresfamiliarum
1033 2291 1180 2350 aunt,
1216 2289 1305 2354 qni
1356 2289 1476 2342 aunt
1514 2302 1619 2340 euae
1665 2288 1927 2354 potestatis
1942 2325 1957 2352 ,
2000 2289 2113 2338 sive

273 2373 518 2438 puberes,
553 2372 660 2423 sive
687 2369 1004 2435 impuberee;
1029 2367 1179 2419 simili
1204 2367 1352 2420 modo
1377 2367 1889 2421 matresfamiliarum.
1918 2366 2033 2420 Filii
2055 2369 2111 2420 et

272 2451 694 2506 tlliaetamillarum
709 2488 722 2514 ,
748 2449 836 2516 qul
861 2451 982 2502 sunt
1005 2447 1060 2502 in
1081 2449 1245 2502 aliena
1268 2449 1531 2516 potestate.

336 2536 461 2585 Nam
489 2532 577 2595 qui
606 2543 670 2583 ex
696 2544 780 2582 me
801 2533 856 2582 et
880 2543 1035 2582 uxore
1069 2543 1183 2583 moa
1216 2530 1439 2582 nascitur
1457 2567 1473 2594 ,
1496 2529 1550 2581 ln
1578 2543 1691 2582 mea
1725 2529 1973 2596 potestate
1996 2529 2107 2594 θείς

275 2613 397 2664 item
433 2611 520 2676 qui
547 2625 612 2664 ex
637 2610 744 2662 filio
769 2623 883 2662 meo
905 2611 958 2662 et
979 2623 1139 2663 uxore
1159 2610 1271 2674 ejus
1290 2611 1540 2676 nascitur,
1561 2608 1613 2662 id
1636 2612 1741 2675 eat,
1770 2623 1927 2674 nepos
1962 2621 2109 2662 meua

273 2693 326 2744 et
351 2693 514 2758 neptis
527 2727 544 2758 ,
564 2704 710 2757 aequo
725 2691 778 2743 ln
799 2703 914 2744 mea
935 2690 1056 2744 aunt
1071 2690 1321 2759 potestate
1335 2728 1353 2758 ,
1375 2690 1427 2745 et
1448 2703 1726 2760 pronepos,
1747 2691 1800 2744 et
1814 2690 2071 2760 proneptis
2084 2729 2105 2760 ,

274 2775 327 2830 et
343 2773 582 2842 deinceps
607 2772 780 2826 ceteri.

353 3149 468 3202 5⁶.
501 3135 731 3202 Habent
757 3144 954 3202 autem
985 3137 1054 3200 in
1077 3143 1365 3220 potestate
1400 3135 1604 3200 liberos
1632 3141 1777 3204 cives
1812 3141 2097 3222 Romani,

339 3298 410 3373 (l)
437 3299 489 3347 L.
529 3304 573 3355 l,
599 3301 682 3374 Q..
707 3299 778 3348 De
800 3301 886 3374 ritu
912 3301 1176 3363 nuptam-um
1204 3301 1369 3360 (xxm,
1396 3301 1465 3360 2).
1486 3324 1551 3338 —
1568 3297 1641 3362 (2)
1660 3301 1712 3348 12.
1740 3303 1788 3360 4,
1818 3301 1899 3358 D„
1930 3301 2001 3348 De
2028 3299 2101 3349 luis

275 3377 355 3426 qm
385 3377 462 3408 sm
483 3361 558 3409 vel
577 3363 718 3412 altem
733 3377 862 3424 June
885 3372 996 3410 eunt
1027 3361 1082 3426 (1,
1111 3361 1185 3426 6).
1508 3403 1513 3408 .
