2292 3684
382 175 531 216 mar.
567 174 717 215 msr.
754 174 807 214 ι.
842 174 912 225 n,
951 173 1005 213 r.
1038 140 1077 212 i.
1118 172 1190 211 ns
1220 170 1504 212 nivrsmsa·
1530 172 1739 214 nanum.
1877 162 1978 215 1¹49

140 277 335 333 vinum
365 283 419 333 et
446 272 561 333 mel
594 273 795 333 resolvi
822 281 1024 355 potest.
1052 271 1212 343 Quod
1235 272 1282 330 si
1301 273 1510 353 partim
1531 292 1596 331 ex
1619 292 1724 332 sua
1744 276 1982 333 materia

138 370 353 450 partim
391 387 461 428 ex
498 366 685 427 aliena
726 369 969 449 speciem
1010 364 1259 447 aliquam
1299 364 1490 425 fecerit
1528 367 1682 448 quis,
1713 366 1882 426 veluti
1918 388 1984 427 ex

136 483 244 524 suo
273 464 407 522 vino
436 470 490 522 et
518 462 707 521 alieno
734 460 901 521 melle
938 460 1187 520 mulsum
1221 462 1537 534 miscuerit,
1569 471 1666 520 aut
1692 482 1762 521 ex
1788 464 1904 521 suis
1933 470 1988 521 et

136 560 342 621 alienis
388 559 811 618 medicamentis
855 557 1224 638 emplastrum
1271 566 1368 616 aut
1410 556 1735 639 collyrium,
1778 566 1876 617 aut
1917 579 1983 618 ex

134 676 247 715 sua
282 653 419 713 lana
456 663 511 713 et
547 651 731 711 aliena
771 653 1165 711 vestimentum
1202 650 1424 724 fecerit,
1457 650 1832 712 dubitandum
1867 672 1980 711 nou

137 758 227 808 est
254 748 365 807 hoc
396 766 527 807 casu
562 766 692 803 eum
721 764 839 805 esse
870 744 1162 803 dominum
1194 746 1290 824 qui
1321 743 1538 818 fecerit,
1572 764 1700 804 cum
1738 765 1854 803 non
1890 764 1986 804 so-

132 842 267 931 [um
298 860 533 922 operam
561 859 723 900 suam
752 836 927 909 dedit,
970 835 1067 897 scd
1108 845 1162 895 et
1193 844 1412 917 partem
1450 836 1703 916 ejusdem
1737 840 1985 899 materiae

138 939 449 1018 praestavit.

224 1041 345 1091 ²8.
390 1029 448 1087 Si
482 1035 668 1087 tamen
711 1024 953 1085 alienam
996 1043 1316 1105 purpuram
1351 1026 1682 1085 vestimento
1721 1046 1825 1086 suo
1862 1029 1989 1107 quis

136 1123 410 1199 intexuit,
435 1119 566 1179 licet
593 1120 891 1200 pretiosior
916 1126 1001 1177 est
1028 1137 1314 1198 purpura,
1342 1120 1672 1179 accessionis
1701 1122 1820 1181 vice
1846 1121 1992 1180 cedit

136 1214 501 1274 vestimento.
544 1212 612 1269 Et
650 1212 749 1290 qui
790 1209 1053 1269 dominus
1093 1208 1198 1268 fuit
1232 1229 1531 1290 purpurae,
1565 1210 1828 1271 adversus
1858 1232 1988 1271 eum

140 1309 251 1389 qui
278 1304 595 1385 subripuit,
635 1302 810 1362 habet
837 1303 972 1362 furti
1002 1303 1281 1361 actionem
1310 1313 1364 1362 et
1391 1304 1796 1364 condictionem
1815 1351 1831 1378 ‚
1875 1307 1990 1365 sive

134 1405 273 1485 ipse
312 1403 382 1460 sit
418 1402 516 1481 qui
560 1400 951 1458 vestimentum
988 1397 1144 1470 fecit,
1187 1398 1302 1456 sive
1344 1397 1515 1471 alius3
1559 1420 1692 1459 nam
1736 1402 1988 1462 extinctae

142 1515 277 1565 res,
308 1492 441 1552 licet
464 1489 737 1549 vindicari
766 1509 881 1549 non
908 1492 1158 1571 possint,
1188 1489 1403 1549 condici
1424 1498 1612 1552 tamen
1636 1514 1671 1552 a
1693 1490 1920 1554 furibus
1937 1502 1992 1552 et

144 1586 500 1669 quibusdam
528 1583 653 1644 aliis
683 1583 1097 1663 possessoribus
1135 1592 1390 1664 possunt.

232 1692 351 1741 nv.
384 1680 445 1739 Si
472 1679 717 1738 duorum
743 1679 987 1736 materioe
1024 1698 1093 1737 ex
1131 1676 1420 1737 voluntate
1457 1677 1818 1738 dominorum
1855 1698 1992 1739 con·

150 1774 297 1833 fuste
325 1776 465 1845 sint,
500 1781 679 1832 totum
707 1772 759 1830 id
791 1791 997 1853 corpus
1028 1771 1176 1852 quod
1207 1792 1275 1831 ex
1302 1772 1634 1833 confusione
1661 1772 1750 1845 fit,
1783 1776 1992 1832 utrius-

155 1886 269 1948 que
296 1886 597 1927 commune
630 1875 733 1937 est3
774 1863 944 1923 veluti
973 1866 1021 1924 si
1050 1866 1149 1944 qui
1177 1868 1307 1923 vina
1343 1886 1446 1925 sua
1477 1866 1864 1939 confuderint,
1899 1874 1996 1925 aut

156 1980 373 2019 massas
402 1962 621 2040 argenti
648 1958 735 2017 vel
765 1960 889 2017 auri
912 1958 1295 2019 confleverint.
1322 1959 1424 2019 Sed
1455 1967 1509 2019 et
1537 1961 1586 2018 si
1611 1959 1840 2019 diversae
1868 1981 1990 2019 ma-

150 2056 306 2115 terim
336 2056 481 2121 sint,
518 2062 573 2113 et
598 2052 671 2111 ob
706 2052 759 2111 id
788 2055 1021 2134 propria
1050 2054 1264 2133 species
1290 2053 1438 2114 facta
1468 2056 1564 2126 sit,
1595 2054 1740 2114 forte
1768 2074 1836 2113 ex
1861 2056 1992 2113 vino

146 2156 204 2206 et
234 2144 405 2205 melle
433 2142 712 2217 mulsum,
752 2154 844 2203 aut
876 2164 943 2203 ex
973 2165 1111 2205 auro
1150 2154 1203 2205 et
1241 2156 1475 2227 argento
1514 2145 1808 2219 electrum,
1849 2146 1997 2207 idem

140 2243 300 2321 juris
339 2248 423 2298 est
454 2262 467 2297 :
507 2258 641 2297 nam
678 2246 732 2297 et
768 2258 835 2298 eo
872 2258 1004 2297 casu
1048 2258 1406 2298 communem
1446 2258 1564 2299 esse
1601 2242 1844 2319 speciem
1881 2260 1995 2299 non

150 2332 469 2393 dubitatur.
517 2332 676 2403 Quod
716 2335 761 2392 si
802 2332 1033 2392 fortuitu
1074 2342 1128 2393 et
1163 2353 1279 2392 non
1315 2332 1600 2393 voluntate
1641 2333 2000 2395 dominorum

151 2426 412 2487 confusae
444 2426 653 2485 fuerint
680 2425 765 2487 vel
792 2425 1024 2486 diversae
1054 2428 1298 2485 materiae
1319 2473 1332 2497 ‚
1359 2427 1444 2486 vel
1474 2448 1597 2507 quoe
1623 2427 1875 2507 ejusdem
1903 2448 2000 2509 ge-

152 2520 314 2595 neris
344 2527 505 2587 sunt,
533 2516 681 2575 idem
704 2519 851 2595 juris
878 2536 997 2577 esse
1028 2517 1258 2599 placuit.

236 2622 358 2672 28.
408 2610 569 2681 Quod
611 2613 658 2669 si
709 2609 1053 2669 frumentum
1102 2610 1232 2669 Titii
1281 2610 1566 2669 frumento
1615 2620 1712 2671 tuo
1763 2613 2000 2671 mixtum

158 2707 367 2777 fuerit,
403 2707 451 2764 si
480 2704 707 2785 quidem
736 2724 802 2763 ex
828 2704 1111 2764 voluntate
1140 2711 1340 2776 vestra,
1377 2724 1677 2765 commune
1705 2708 1836 2775 erit;
1871 2709 2005 2787 quia

156 2798 392 2880 singula
420 2818 661 2879 corpora
681 2846 696 2874 ‚
723 2798 782 2856 id
810 2807 916 2868 est,
943 2798 1166 2878 singula
1200 2820 1394 2880 grana,
1418 2820 1540 2879 quae
1567 2802 1838 2881 cujusque
1868 2822 2006 2881 pro-

158 2895 290 2973 pria
318 2892 582 2961 fuerunt,
612 2914 679 2951 ex
707 2906 983 2951 consensu
1013 2900 1195 2953 vestro
1223 2895 1636 2953 communicata
1665 2904 1813 2955 sunt.
1846 2894 2006 2964 Quod

159 2989 205 3045 si
238 3008 375 3047 casu
412 2986 471 3045 id
504 2988 741 3045 mixtum
786 2986 983 3061 suerit,
1014 2984 1100 3046 vel
1135 2986 1313 3046 Titius
1350 2987 1404 3046 id
1448 2989 1730 3047 miscuerit
1760 2989 1878 3047 sine
1908 2996 2005 3048 tua

159 3079 481 3147 voluntate.
523 3100 638 3139 non
672 3077 889 3138 videtur
926 3098 1228 3139 commune
1264 3098 1414 3151 esse,
1449 3082 1580 3160 quia
1618 3079 1842 3160 singula
1879 3101 2005 3141 cor-

162 3194 305 3253 pora
330 3175 391 3255 in
416 3193 519 3233 sua
533 3171 857 3232 substantia
876 3171 1111 3242 durant3
1139 3192 1242 3231 nec
1267 3173 1446 3253 magis
1472 3174 1590 3232 istis
1615 3171 1837 3231 casibus
1860 3193 2008 3233 com-

158 3286 337 3324 mune
364 3265 426 3323 fit
457 3266 837 3336 frumentum,
870 3284 1039 3344 quam
1069 3285 1209 3345 grex
1238 3265 1566 3345 intelligitur
1599 3286 1719 3325 esse
1749 3284 2004 3323 commu—

160 3359 277 3433 nis,
312 3360 361 3417 si
393 3377 596 3439 pecora
628 3358 760 3416 Titii
786 3359 898 3417 tuis
928 3357 1228 3438 pecoribus
1257 3359 1432 3416 mixta
1459 3357 1688 3417 fuerint.
1720 3355 1828 3415 Sed
1856 3359 1903 3414 si
1935 3355 2007 3413 ab
