2292 3684
199 183 354 226 sus-r.
385 183 531 226 mer.
557 185 615 226 ι..
645 185 688 241 ι,
715 186 770 226 r.
797 184 926 227 vm.
955 185 1032 227 nr.
1060 183 1136 226 us
1160 184 1261 234 om
1284 183 1373 226 sm
1396 185 1453 224 v.
1482 183 1665 226 aarum
1690 182 1811 226 sua.
1840 183 1891 226 s.
1932 171 2003 226 45

159 287 521 370 parentium,
565 286 690 346 aliae
724 289 784 347 in
824 295 1098 368 potestate
1133 287 1497 348 dominorum
1524 293 1673 370 sunt.
1704 285 2005 347 Videamus

157 384 354 462 itaque
380 380 452 440 de
475 382 546 439 iis
575 400 698 461 quae
724 379 908 441 alieno
919 384 1040 461 juri
1068 382 1331 462 subjectae
1358 389 1490 441 sunt
1505 402 1522 440 ε·
1551 401 1687 440 nam
1714 381 1763 439 si
1790 400 2005 461 cogno-

157 475 412 534 verimus
451 493 576 554 quae
617 474 734 532 istae
772 494 1032 554 personae
1064 484 1225 545 sunt,
1256 473 1429 534 simul
1462 472 1842 554 intelligemus
1878 494 2007 554 quae

159 570 252 628 sui
271 569 426 646 jun'z
451 574 600 628 sunt.
625 566 706 627 Ac
725 569 886 648 prius
913 567 1277 649 dispiciamus
1303 568 1373 628 de
1400 569 1469 626 iis
1496 587 1619 649 quae
1644 567 1707 627 in
1736 575 2009 649 potestate

161 660 534 722 dominorum
561 668 709 720 sunt.

250 766 320 818 1.
378 755 446 814 In
498 761 770 836 potestate
825 756 1014 836 itaque
1061 753 1425 818 dominorum
1468 763 1601 816 sunt
1644 757 1811 818 servi.
1870 755 2009 827 Quae

163 848 400 931 quidem
454 855 702 929 potestas
740 848 888 928 juris
934 850 1189 929 gentium
1238 857 1323 910 est
1368 871 1384 907 :
1428 869 1565 908 nam
1616 849 1769 930 apud
1814 867 2011 910 omnes

164 963 436 1025 peraeque
461 950 658 1025 gentes
680 943 1126 1004 animadvertere
1160 963 1495 1026 possumus,
1522 932 1769 1005 dominis
1795 945 1859 1003 in
1885 964 2011 1004 ser-

161 1055 265 1096 vos
302 1038 430 1096 vitae
461 1038 726 1116 necisque
769 1043 1100 1118 potestatem
1141 1035 1343 1107 fuisse;
1384 1043 1441 1097 et
1478 1036 1872 1118 quodcumque
1909 1057 2014 1118 per

165 1149 398 1190 servum
427 1127 770 1209 adquiritur,
801 1127 862 1188 id
887 1127 1117 1188 domiuo
1146 1127 1479 1209 adquiritur.

243 1234 315 1284 t.
347 1221 459 1282 Sed
486 1221 596 1282 hoc
637 1230 894 1303 tempore
933 1220 1107 1280 nullis
1141 1220 1471 1282 hominibus
1510 1222 1609 1302 qui
1636 1220 1745 1282 suh
1772 1223 2013 1306 imperio

167 1327 364 1378 nostro
408 1323 570 1389 sunt,
615 1314 772 1389 licet,
809 1317 932 1374 sine
959 1333 1128 1376 causa
1165 1313 1386 1397 legibus
1428 1315 1651 1396 cognita
1670 1361 1685 1388 ,
1725 1316 1789 1376 in
1825 1335 2015 1376 servos

169 1431 302 1476 suos
333 1430 510 1490 supra
538 1409 772 1470 modum
800 1410 991 1469 saevire
1020 1433 1031 1466 :
1067 1429 1205 1468 nam
1243 1429 1311 1468 ex
1346 1410 1745 1470 constitutione
1785 1408 1901 1470 divi
1926 1410 2013 1470 Pii

165 1507 476 1578 Antonini,
537 1507 635 1586 qui
685 1507 805 1564 sine
851 1523 1021 1564 causa
1067 1525 1293 1566 servum
1336 1526 1505 1566 suum
1550 1505 1845 1578 occiderit,
1898 1525 2013 1566 non
2094 1584 2099 1590 Α

163 1604 362 1662 minus
388 1601 584 1682 puniri
603 1598 864 1681 jubetur,
888 1618 1064 1679 quam
1084 1600 1183 1679 qui
1205 1600 1452 1662 alienum
1472 1621 1697 1661 servum
1726 1600 2005 1663 occiderit.

163 1695 275 1756 Sed
298 1704 355 1756 et
375 1694 563 1774 major
590 1695 864 1776 asperitas
895 1690 1260 1752 dominorum
1292 1693 1542 1773 ejusdem
1570 1695 1847 1775 principis
1875 1714 2015 1754 con-

163 1789 460 1850 stitutione
476 1797 789 1857 coercetur3
813 1805 949 1846 nam
967 1785 1256 1847 consultus
1272 1809 1306 1847 a
1325 1787 1665 1868 quibusdam
1683 1789 2015 1869 praesidibus

164 1883 600 1966 provinciarum
646 1879 718 1938 de
758 1879 827 1938 iis
869 1881 1044 1939 servis
1088 1881 1189 1960 qui
1232 1880 1302 1938 ad
1340 1879 1515 1940 oedem
1554 1900 1776 1940 sacram
1815 1881 1905 1942 vel
1946 1881 2017 1941 ad

165 1985 388 2038 statuas
412 1976 743 2058 principum
771 1973 1124 2055 confugiunt,
1155 1977 1441 2056 praecepit,
1469 1982 1549 2047 ut,
1578 1975 1626 2033 si
1646 1974 2017 2034 intolerabilis

165 2071 428 2131 videatur
455 2069 666 2127 saevitia
703 2066 1095 2139 dominorum,
1135 2075 1411 2148 cogantur
1452 2085 1643 2126 servos
1680 2085 1811 2126 suos
1848 2064 2016 2126 honis

166 2162 594 2226 conditionibus
635 2159 904 2234 vendere,
953 2169 1016 2219 ut
1067 2163 1313 2241 pretium
1367 2160 1612 2220 dominis
1660 2161 1915 2234 daretur;
1964 2170 2019 2222 et

169 2268 326 2320 recte
357 2279 372 2317 τ
412 2255 636 2338 expedit
663 2257 818 2314 enim
846 2253 1200 2335 reipublicae,
1233 2275 1305 2314 ne
1333 2257 1459 2335 quis
1488 2275 1591 2316 sua
1617 2275 1677 2315 re
1705 2255 1857 2316 male
1888 2264 2015 2316 uta-

170 2360 286 2412 tur.
340 2351 516 2431 Cujus
559 2349 820 2428 rescripti
857 2346 924 2406 ad
968 2346 1181 2406 AElium
1222 2347 1576 2408 Marcianum
1614 2350 1807 2408 emissi
1849 2349 2019 2410 verba
2094 2351 2107 2434 ι’

175 2453 311 2506 sunt
338 2443 456 2504 haec
480 2466 495 2502 ε
532 2467 558 2496 ιι
578 2443 952 2501 Dominorum
974 2440 1205 2521 quidem
1234 2450 1565 2522 potestatem
1586 2447 1648 2502 in
1669 2463 1859 2504 servos
1886 2462 2019 2503 suos

175 2539 458 2600 illibatam
485 2556 610 2596 esse
643 2543 894 2616 oportet,
937 2555 1040 2595 nec
1080 2537 1347 2616 cuiquam
1388 2536 1689 2596 hominum
1715 2540 1814 2618 jus
1850 2557 2019 2598 suum

179 2629 427 2702 detrahig
451 2628 550 2689 sed
569 2627 934 2688 dominorum
957 2629 1221 2699 interest,
1248 2647 1320 2687 ne
1348 2628 1619 2688 auxilium
1640 2638 1841 2690 contra
1858 2633 2019 2689 soevi-

178 2729 321 2785 tiam
339 2772 353 2798 ,
385 2722 476 2784 vel
502 2722 744 2792 famem,
775 2719 865 2780 vel
892 2718 1305 2780 intolerabilem
1331 2723 1411 2802 inj
1420 2724 1604 2782 uriam
1623 2723 1929 2804 denegetur
1952 2725 2024 2782 iis

183 2820 283 2899 qui
305 2820 458 2898 juste
484 2814 882 2896 deprecantur.
907 2811 1152 2892 Ideoque
1169 2833 1443 2894 cognosce
1463 2815 1531 2874 de
1552 2815 1795 2897 querelis
1823 2835 2021 2875 eorum

187 2914 288 2993 qui
315 2931 382 2971 ex
409 2909 630 2969 familia
650 2907 790 2968 Julii
820 2906 1020 2968 Sabini
1047 2906 1119 2967 ad
1149 2916 1395 2968 statuam
1423 2910 1826 2991 confugerunt3
1860 2920 1940 2982 et,
1973 2913 2021 2971 si

184 3005 275 3066 vel
317 3005 512 3065 durius
552 3001 780 3064 habitos
819 3022 990 3084 quam
1029 3021 1253 3082 aequum
1291 3004 1405 3077 es‘t,
1449 3004 1533 3064 vel
1562 3005 1767 3064 infami
1810 3005 2022 3083 injuria

190 3099 422 3159 affectos
440 3099 772 3179 cognoveris
784 3143 799 3170 ,
827 3097 1007 3156 veniri
1013 3093 1174 3174 jube,
1198 3097 1277 3154 ita
1296 3098 1434 3155 utin
1454 3105 1787 3179 potestatem
1805 3097 2021 3157 domini

191 3213 308 3252 non
334 3199 707 3252 revertantur.
742 3190 870 3262 Qui,
895 3189 944 3248 si
968 3209 1107 3249 meae
1127 3190 1510 3250 constitutioni
1529 3191 1789 3252 fraudem
1812 3190 2022 3264 fecerit,

197 3289 330 3348 sciet
353 3307 448 3348 me
475 3285 786 3346 admissum
810 3287 1054 3346 severius
1082 3292 1465 3346 executurum.
1504 3312 1526 3341 n
