2292 3684
366 141 471 194 6⁴6
508 151 625 193 esu
644 150 787 192 uss-r.
816 150 865 189 c.
895 149 973 203 w,
992 136 1055 205 ἕξ
1071 136 1224 191 79414
1241 171 1255 187 .
1295 145 1416 187 scr.
1439 146 1514 187 ax
1530 146 1623 187 os.
1641 146 1769 188 eoa.
1789 148 1844 194 o.
1863 146 1924 189 ιι(
1945 145 2102 201 usn„
2123 147 2182 185 u.

362 254 551 315 Nostri
578 259 945 333 praeceptores
967 248 1301 309 intercidere
1328 256 1528 327 putant
1545 292 1561 321 ,
1593 249 1729 329 quia
1757 248 1818 307 in
1843 266 1976 307 eum
2001 266 2193 308 casnm

366 348 603 407 deducta
636 348 707 406 sit
733 346 795 403 in
822 364 938 426 quo
965 344 1109 405 actio
1137 344 1441 404 consistere
1469 362 1584 402 non
1621 344 1887 423 potuerit;
1917 342 2154 423 ideoque
2173 389 2190 414 ,

366 430 497 501 iicet
522 440 716 499 exierit
739 437 807 498 de
826 458 956 498 mea
982 446 1284 518 potestate,
1306 456 1472 517 agere
1495 456 1588 497 me
1615 454 1732 496 non
1755 455 1938 515 posse.
1959 437 2196 496 Diversae

366 530 567 593 scholoe
595 540 882 600 auctores,
914 529 1188 610 quamdiu
1216 530 1276 589 in
1314 548 1442 589 mea
1471 538 1744 609 potestate
1773 530 1845 589 sit
1865 575 1881 601 ,
1915 530 2196 610 quiescere

366 626 643 688 actionem
689 632 890 705 putant
909 670 924 694 ,
972 643 1100 685 cum
1147 624 1269 703 ipse
1312 642 1534 683 mecum
1573 640 1743 703 agere
1787 640 1904 681 non
1957 622 2192 703 possim3

365 738 494 779 cum
524 736 653 777 vero
681 717 876 775 exierit
896 714 965 774 de
993 735 1121 775 mea
1146 722 1420 797 potestate
1439 760 1456 787 ,
1481 724 1615 776 tunc
1635 734 1762 775 eam
1790 714 2138 774 resuscitari.

449 820 561 872 vv.
604 808 743 869 Cum
784 818 975 869 autem
1014 806 1413 868 filiusfamilias
1449 826 1518 865 ex
1545 806 1738 867 noxali
1783 826 1957 867 cansa
1995 808 2196 867 manci·

366 904 462 983 pio
488 902 655 962 datur
676 948 691 975 ,
722 902 951 963 diversae
970 899 1176 961 scholoe
1203 908 1461 961 auctores
1492 908 1694 979 putant
1721 906 1806 960 ter
1830 921 1971 962 eum
1997 902 2198 961 manci-

368 998 463 1076 pio
494 994 617 1055 dari
648 992 879 1067 debere,
912 996 1045 1076 quia
1070 992 1195 1075 lege
1231 991 1685 1087 Xiljabuiarnm
1721 1002 1958 1055 cautum
1993 996 2090 1065 sit,
2119 1000 2198 1071 (ne

368 1086 542 1149 aliter
552 1085 723 1167 filius
750 1087 817 1147 de
834 1094 1121 1167 potestate
1142 1086 1353 1165 patris)
1387 1093 1576 1155 exeat,
1608 1104 1779 1165 qnam
1816 1087 1866 1144 si
1909 1095 1999 1146 ter
2043 1086 2198 1145 fuerit

370 1181 752 1261 mancipatus3
801 1180 1044 1239 Sabinus
1083 1187 1137 1237 et
1172 1178 1399 1236 Cassius
1437 1178 1720 1257 ceterique
1755 1186 1966 1237 nostrie
2007 1175 2195 1237 schola·

371 1284 641 1347 auctores,
665 1294 727 1333 su
738 1272 923 1333 fficere
942 1293 1115 1332 unam
1137 1272 1614 1352 mancipationem
1631 1270 1902 1351 (putant)
1925 1294 1938 1330 z
1961 1270 2196 1332 credide-

368 1380 503 1426 runt
529 1368 681 1425 enim
712 1374 823 1424 tres
863 1364 984 1446 lege
1020 1342 1117 1423 5111
1145 1360 1471 1423 tabularum
1501 1361 1574 1421 ad
1602 1360 1954 1425 voluntarias
1989 1364 2196 1423 manci-

372 1462 628 1541 pationes
660 1460 955 1538 pertinere.

449 1560 549 1610 so
576 1548 703 1609 Hoec
722 1550 801 1609 ita
821 1549 889 1608 de
916 1550 1004 1608 his
1025 1550 1282 1630 personis
1308 1568 1430 1628 qum
1459 1548 1516 1605 in
1541 1556 1812 1629 potestate
1843 1549 2032 1629 (sunt)
2051 1595 2066 1619 ,
2093 1550 2194 1609 sire

370 1662 436 1702 ex
464 1652 751 1703 contractu
773 1688 788 1715 ,
821 1643 936 1701 sive
974 1661 1043 1702 ex
1082 1638 1360 1700 maleficio
1403 1659 1598 1699 earum
1637 1644 2018 1703 controversia
2045 1650 2190 1700 esset.

368 1722 539 1807 Quod'
558 1754 688 1795 vero
718 1734 788 1793 ad
816 1754 911 1793 eas
934 1749 1206 1815 personas
1229 1752 1352 1813 quoe
1382 1733 1442 1790 in
1475 1752 1648 1793 manu
1671 1737 2030 1816 mancipiove
2055 1742 2194 1803 sunt,
2238 1784 2239 1789 ,

370 1830 454 1890 ita
474 1830 572 1909 jus
598 1826 843 1899 dicitur,
882 1835 943 1886 ut
970 1845 1100 1886 cum
1135 1845 1204 1885 ex
1237 1832 1534 1886 contractu
1563 1845 1761 1886 earum
1798 1837 2060 1909 ageretur
2087 1825 2191 1905 (1).

374 1924 478 1981 nisi
509 1920 582 1980 ab
611 1941 679 1983 eo
711 1920 871 2002 cujus
902 1921 1025 2001 juri
1059 1918 1326 1999 subjectae
1359 1925 1494 1977 sunt
1531 1920 1593 1993 in
1627 1918 1876 1981 solidum
1907 1920 2194 1982 defendan-

370 2028 494 2086 tur,
526 2011 680 2073 bona
708 2033 832 2093 qnoe
862 2032 1057 2073 earum
1080 2008 1544 2091 juturaforent,
1575 2012 1621 2071 si
1651 2015 1772 2095 ejus
1799 2014 1923 2091 juri
1952 2014 2191 2094 subjectae

370 2126 485 2167 non
515 2116 735 2179 essent,
774 2114 1026 2168 veneant.
1062 2104 1171 2164 Sed
1199 2124 1329 2165 cum
1354 2148 1369 2174 ,
1417 2106 1650 2164 rescissa
1692 2107 1903 2187 eapitis
1947 2107 2190 2168 deminu-

369 2200 554 2270 tione,
598 2200 841 2279 imperio
872 2194 1182 2257 continenti
1211 2192 1450 2273 jndicio.
1498 2240 1512 2253 .
1561 2241 1573 2253 .
1623 2240 1636 2253 .
1687 2238 1704 2256 .
1752 2242 1765 2255 .
1816 2244 1828 2256 .
1877 2242 1894 2257 .
1946 2242 1965 2257 .
2007 2244 2021 2257 .
2063 2240 2076 2255 .
2119 2239 2132 2252 .
2176 2233 2189 2248 .

376 2330 1631 2353 ....................
1677 2291 1830 2351 enim
1875 2336 1890 2351 .
1935 2336 1954 2353 .
2000 2336 2016 2351 .
2059 2334 2074 2351 .
2115 2332 2127 2347 .
2173 2328 2188 2343 ·

371 2397 459 2448 81
470 2428 1001 2447 .........
1050 2400 1403 2464 quamquam
1457 2380 1702 2442 diximus
1747 2428 2020 2446 .....
2069 2396 2192 2461 per-

374 2483 613 2541 missum
640 2478 813 2539 fuisse
835 2479 889 2559 ei
905 2485 1160 2537 mortuos
1182 2474 1438 2535 homines
1457 2474 1660 2536 dedere
1677 2522 1694 2551 ,
1721 2484 1914 2537 tamen
1937 2484 1994 2539 et
2007 2476 2056 2535 si
2079 2473 2191 2555 quis

370 2590 498 2633 eum
535 2571 781 2644 dederit,
815 2572 913 2652 qui
944 2570 1061 2631 fato
1085 2588 1189 2629 sno
1224 2570 1336 2628 vita
1360 2570 1691 2647 excesserit,
1723 2590 1881 2653 aeque
1908 2569 2186 2649 liberatur.

384 3201 463 3217 μ.

434 3268 503 3327 (t)
538 3270 601 3314 lta
628 3268 852 3328 Boecking.
886 3264 1143 3312 Lat-lunam»
1171 3258 1324 3313 autem
1345 3268 1407 3312 sic
1429 3282 1439 3312 :
1459 3268 1662 3329 quotiens
1680 3280 1761 3315 aut
1781 3284 1838 3314 cx
1859 3276 2100 3324 οοοιεηιοειι,
2117 3271 2184 3309 ‘w‘

373 3346 423 3373 cx
452 3328 676 3389 mahfncio
703 3344 859 3375 van-tun
886 3342 1176 3389 ageretur—
1201 3354 1260 3364 —
1283 3342 1490 3379 veneunt.
