2292 3684
319 90 468 135 wer.
505 90 648 135 mar.
673 90 728 135 ι..
761 92 846 145 ιιι,
871 88 928 135 r.
957 92 1080 136 ιιι.
1118 90 1193 135 nn
1218 90 1539 137 ιιιυτιιιιιιιε
1564 94 1847 139 arreum.
1921 82 2025 139 455

281 318 393 371 n.
431 306 492 369 Si
531 306 898 390 impossibilis
931 308 1179 369 conditio
1218 304 1661 388 obligationibus
1704 306 2017 387 adjiciatur,

185 400 335 461 nihil
363 400 508 462 valet
534 401 840 483 stipulatio.
874 400 1246 482 lmpossibilis
1271 413 1460 461 autem
1490 400 1737 464 conditio
1764 400 2021 473 babetur,

184 495 280 555 eui
326 501 534 553 natura
577 494 980 575 impedimento
1027 504 1110 555 est
1154 496 1459 577 quominus
1501 494 1717 567 existat,
1758 492 1931 555 veluti
1976 496 2022 553 si

187 589 319 669 quis
347 588 427 645 ita
456 585 692 647 dixerit·
728 606 771 648 st
809 604 988 649 metro
1024 602 1223 650 etaim
1264 604 1543 658 arrianae,
1584 604 1721 647 naun
1764 584 2027 647 srosnrs?

181 676 258 741 At
300 684 349 741 si
390 682 468 741 ita
510 676 853 762 stipuletur·
897 698 942 743 si
980 698 1159 742 οιοιτο
1195 698 1395 745 cos-,sun
1430 700 1533 743 uon
1569 696 1857 752 ιιττιοειιο,
1888 698 2025 741 osan

173 770 457 865 evomas?
494 793 636 855 pure
669 772 820 836 faeta
854 772 1124 859 obligatio
1166 774 1515 858 intelligitur,
1555 772 1795 859 ideoque
1834 776 2025 835 statim

184 854 384 949 petere
411 860 609 947 potest.

273 1522 388 1573 1².
440 1513 581 1572 item
615 1512 922 1575 verborum
955 1513 1225 1596 obligatio
1264 1518 1412 1576 inter
1450 1513 1713 1577 absentes
1750 1526 2021 1599 eoneepta

192 1604 408 1663 inutilis
435 1613 536 1665 est.

269 1696 379 1757 Sed
419 1716 550 1757 eum
587 1694 696 1757 hoe
733 1702 1034 1759 materiam
1069 1699 1254 1761 litium
1295 1701 1658 1761 contentiosis
1699 1698 2025 1762 hominibus

192 1787 524 1871 praestabat,
554 1790 700 1851 sorte
728 1802 854 1872 post
879 1802 1104 1875 tempus
1133 1794 1267 1854 tales
1296 1793 1659 1875 allegationes
1685 1797 2025 1875 opponenti-

189 1886 323 1956 bus,
371 1892 429 1944 et
468 1904 586 1944 non
625 1896 928 1966 praesentes
971 1908 1091 1949 esse
1132 1886 1221 1948 vel
1262 1908 1323 1947 se
1364 1888 1450 1947 vel
1498 1888 1845 1949 adversarios
1892 1910 2023 1950 suos

187 1976 684 2050 contendentibus,
721 1978 849 2040 ideo
883 1988 1080 2040 nostra
1107 1983 1429 2041 constitutio
1452 1980 1533 2061 (l)
1563 1990 1795 2062 propter
1822 1980 2023 2041 eeleri-

187 2079 359 2135 tatem
388 2070 833 2133 dirimendarum
861 2073 1045 2133 litium
1067 2072 1389 2135 introducta
1413 2083 1523 2145 est,
1552 2094 1721 2154 quam
1744 2074 1815 2133 ad
1840 2075 2023 2134 Coesa·

187 2168 401 2225 rienses
431 2164 726 2225 advocatos
753 2169 1108 2247 scripsimus,
1139 2187 1245 2248 per
1272 2188 1443 2249 quam
1478 2168 1861 2248 disposuimus
1888 2167 2027 2228 talea

195 2258 506 2338 scripturas
527 2278 652 2339 quoe
677 2266 881 2339 praesto
905 2278 1024 2319 esse
1048 2269 1238 2339 partes
1260 2260 1531 2333 indicant,
1558 2260 1883 2319 omnimodo
1906 2280 2028 2320 esse

189 2344 524 2424 credendas,
565 2352 674 2411 nisi
703 2352 826 2432 ipse
853 2353 953 2432 qui
981 2350 1189 2413 talibus
1217 2354 1395 2413 utitur
1422 2352 1701 2434 improbis
1730 2352 2022 2436 allegatio-

188 2440 386 2516 nibus,
431 2442 904 2506 manifestissimis
945 2444 1380 2527 probationibus
1419 2443 1507 2505 vel
1542 2466 1646 2525 per
1685 2448 2023 2526 scripturam

187 2538 276 2601 vel
307 2558 412 2620 per
447 2548 613 2601 testes
647 2539 882 2602 idoneos
917 2538 1345 2622 adprobaverit,
1375 2540 1436 2600 in
1470 2542 1598 2621 ipso
1633 2546 1747 2601 toto
1782 2538 1873 2601 die
1908 2560 2023 2623 quo

187 2628 593 2695 conficiebatur
635 2636 1098 2711 instrumentum,
1138 2652 1260 2695 sese
1300 2631 1388 2695 vel
1428 2633 1813 2695 adversarium
1852 2654 2021 2697 suum

187 2731 246 2789 in
281 2727 410 2789 aliis
435 2726 573 2791 loeis
603 2717 746 2791 essess

274 2834 384 2885 18.
415 2822 551 2883 Post
577 2831 818 2885 mortem
841 2841 1003 2885 suam
1026 2821 1153 2883 dari
1180 2822 1289 2883 sibi
1310 2837 1479 2887 nemo
1498 2824 1759 2907 stipulari
1780 2832 2035 2907 poterat,

189 2934 308 2977 non
319 2916 521 3025 ’magis
547 2932 721 2996 quam
749 2924 877 2997 post
903 2922 1143 2975 mortem
1169 2913 1291 2997 ejus
1318 2935 1353 2975 a
1376 2934 1489 2996 qno
1516 2913 1926 2997 stipulabatur;
1956 2934 2023 2975 ac

188 3030 266 3071 ne
315 3010 366 3071 is
411 3008 521 3089 qui
564 3010 626 3067 in
663 3003 904 3088 alicujus
943 3014 1217 3090 potestate
1270 3013 1384 3080 est,
1428 3015 1555 3089 post
1602 3017 1843 3069 mortem
1901 3008 2023 3087 ejus

185 3098 448 3185 stipulari
473 3108 722 3183 poterat,
749 3102 884 3182 quia
904 3102 1086 3182 patris
1106 3098 1194 3161 vel
1210 3098 1427 3161 domini
1450 3118 1584 3161 voce
1606 3098 1763 3181 loqui
1783 3098 2016 3161 videtur.

1147 3226 1239 3235 ——..

179 3304 196 3317 .
244 3274 1664 3340 (1)L.ls‚c.vec.ontmheecomi.museryum³8).
