2292 3684
353 51 458 109 504
496 64 612 105 om
635 62 783 105 nes-r.
809 64 860 105 c.
897 63 986 120 ιιι,
1011 46 1074 119 ffi
1107 50 1296 105 53-56.
1336 64 1475 117 som
1500 62 1713 125 ιιιιιιιιξ.
1742 66 2103 110 sumnum.

354 186 421 227 ea
457 166 686 247 quidem
729 171 969 246 patrona
1010 184 1132 244 quae
1174 163 1368 225 liberis
1410 166 1686 228 honorata
1726 189 1841 229 non
1880 180 1997 242 est,
2046 170 2225 230 nihil

345 261 493 342 juris
517 258 688 319 habet
716 266 911 319 contra
937 256 1151 317 libertoe
1178 266 1600 333 testamentum
1623 263 1675 321 ei
1695 282 1826 322 vero
1846 282 1970 342 quae
1990 262 2223 322 liberis

353 352 632 411 honorata
669 354 766 419 sit,
806 348 914 410 hoc
944 351 1038 429 jus
1079 348 1351 410 tribuitur
1388 372 1493 432 per
1518 353 1699 434 legem
1735 342 2000 435 Papiam,
2036 346 2246 436 qnod¹

351 445 524 506 habet
551 465 620 505 ex
646 444 825 505 edicto
843 450 1125 524 patronus
1154 451 1349 503 eontra
1376 444 1603 505 tabulas
1630 446 1840 507 liberti.

431 548 554 598 ⁵8.
587 535 798 596 Eadem
826 535 916 596 lex
943 544 1195 616 patronae
1212 535 1340 595 ffliae
1359 535 1553 597 liberis
1570 537 1927 601 honoratas...
1954 544 2213 620 patroni
2245 570 2246 573 ¹

345 636 480 713 jure
507 632 684 705 dedit;
722 630 818 692 sed
849 637 907 692 in
949 632 1120 713 hujus
1162 652 1407 713 persona
1448 636 1616 694 etiam
1654 638 1824 696 unius
1852 634 1955 695 filii
1985 635 2211 697 filiaeve

345 727 441 803 jus
468 725 690 788 sufficit.
797 766 814 785 .

431 830 546 880 54.
591 820 871 879 Hactenus
913 821 1105 879 omnia
1139 821 1277 897 jura
1316 822 1479 903 quasi
1518 840 1621 901 per
1654 820 1901 882 indicem
1934 824 2209 919 tetiffi'sse

351 914 483 971 satis
512 923 634 973 est:
667 912 918 994 alioquin
955 911 1278 994 diligentior
1313 914 1703 995 interpretatio
1739 914 1985 996 propriis
2022 933 2207 975 com-

351 1009 643 1067 mentariis
672 1010 924 1089 exposita
948 1016 1049 1068 est.

429 1110 546 1161 55.
583 1100 846 1182 Sequitur
873 1108 935 1160 ιιι
973 1100 1046 1161 de
1071 1098 1241 1159 bonis
1276 1100 1608 1161 Latinorum·
1635 1100 2035 1163 libertinorum
2062 1102 2207 1162 dis-

349 1196 644 1276 piciamus.
1978 1192 1985 1199 ’

427 1298 540 1349 5⁶.
595 1286 728 1371 Quae
781 1306 914 1376 pars
959 1287 1100 1373 juris
1150 1293 1215 1345 ut
1258 1286 1614 1352 manifestior
1654 1286 1785 1355 flat,
1836 1288 2201 1349 admonendi

350 1400 573 1452 sumuS,
605 1380 673 1439 de
703 1398 814 1459 quo
841 1398 876 1437 a
900 1398 954 1436 ιο
981 1378 1107 1437 loeo
1133 1376 1398 1452 diximus,
1428 1398 1525 1440 eos
1554 1380 1653 1459 qui
1682 1394 1837 1442 nune
1860 1380 2047 1441 Latini
2074 1380 2199 1438 Ju-

349 1474 508 1534 niani
534 1472 828 1542 dicuntur,
863 1467 999 1530 olim
1037 1490 1103 1529 ex
1124 1472 1256 1551 jure
1284 1470 1587 1541 Quiritium
1624 1490 1816 1534 servos
1849 1471 2051 1543 fuisse,
2086 1474 2195 1532 sed

349 1564 558 1624 auxilio
597 1564 847 1645 pretoris
875 1566 934 1623 in
965 1562 1241 1623 libertatis
1278 1564 1465 1623 forma
1507 1564 1719 1626 servari
1754 1562 1947 1627 solito·
1978 1586 1991 1621 z
2030 1566 2197 1626 unde

348 1660 524 1719 etium
550 1676 640 1717 res
668 1676 868 1719 eorum
903 1654 1110 1737 peculii
1131 1658 1262 1735 jure
1300 1655 1371 1715 ad
1407 1663 1677 1736 patronos
1705 1658 1990 1736 pertinere,
2014 1656 2195 1717 solita

347 1759 457 1823 est3
491 1760 687 1831 postea
713 1768 845 1810 vero
865 1769 968 1829 per
997 1748 1181 1829 legem
1199 1750 1429 1812 suniam
1454 1768 1551 1813 eos
1576 1770 1774 1813 omnes
1800 1766 1945 1831 quos
1972 1760 2195 1830 μειω-

347 1830 410 1903 in
433 1842 751 1904 libertatem
777 1842 1064 1915 tuebatur,
1089 1841 1302 1902 liberos
1330 1862 1449 1903 esse
1478 1847 1739 1925 coepisse,
1770 1853 1826 1904 et
1863 1834 2190 1924 appeilatos

346 1957 467 1998 esse
494 1939 722 1998 Latinos
759 1938 1038 1997 Juuianos
1074 1936 1341 1997 :Latinos
1378 1937 1533 2009 ideo,
1569 1940 1703 2020 quia
1729 1936 1817 1998 lex
1846 1956 1941 1997 eos
1967 1936 2189 1998 liberos

347 2032 580 2113 perinde
606 2051 728 2093 esse
754 2030 964 2102 voluit,
997 2036 1167 2110 atque
1200 2032 1248 2089 si
1274 2040 1459 2090 essent
1484 2033 1629 2091 cives
1664 2032 1906 2091 Romani
1941 2033 2183 2113 ingenui

347 2128 465 2208 qui,
495 2146 564 2185 ex
591 2124 732 2184 urbe
764 2124 943 2183 Roma
969 2124 1029 2182 in
1059 2122 1285 2183 Latinas
1313 2122 1564 2184 colonias
1589 2123 1835 2195 deducti,
1868 2123 2050 2183 Latini
2074 2144 2179 2184 co-

346 2218 570 2280 loniarii
611 2238 731 2278 esse
776 2225 1097 2299 coeperunt3
1139 2217 1419 2277 Junianos
1465 2216 1625 2291 ideo,
1670 2218 1804 2298 quia
1844 2237 1947 2297 per
1992 2216 2181 2299 legem

345 2313 576 2372 suniam
603 2311 770 2372 liberi
792 2310 924 2371 faeti
953 2318 1110 2382 sunt,
1142 2311 1361 2369 etiamsi
1391 2330 1503 2370 non
1531 2312 1676 2370 cives
1702 2310 1956 2369 Romani.
1982 2312 2182 2387 Quare

345 2402 484 2484 legis
514 2403 696 2461 Juniae
723 2402 898 2474 lator,
930 2420 1061 2460 cum
1087 2398 1426 2481 intelligeret
1450 2400 1706 2460 futurum
1750 2408 1811 2461 ιιι
1848 2421 1916 2460 ea
1949 2400 2183 2463 fictione

349 2516 436 2556 res
464 2496 791 2554 Latinorum
823 2493 1220 2553 defunctorum
1245 2492 1317 2550 ad
1345 2502 1613 2573 patronos
1641 2496 1923 2573 pertinere
1950 2492 2180 2555 desine-

347 2598 489 2661 rent,
519 2588 588 2649 οὔ
609 2588 675 2649 id
690 2587 1032 2670 quodneque
1059 2596 1125 2647 ut
1152 2588 1296 2646 servi
1324 2585 1675 2660 decederent,
1708 2595 1770 2647 ιιι
1796 2597 2020 2669 possent
2029 2591 2179 2669 jure

335 2681 552 2763 peculii
587 2700 676 2741 res
718 2702 914 2741 eorum
963 2678 1034 2739 ad
1083 2686 1353 2759 patronos
1399 2683 1707 2761 pertinere,
1759 2700 1944 2761 neque
1985 2680 2175 2743 liberti

347 2776 528 2834 Latini
553 2773 802 2834 hominis
829 2772 983 2834 bona
1019 2783 1249 2854 possent
1290 2776 1750 2834 manumissionis
1783 2776 1913 2853 jure
1958 2774 2028 2833 ad
2063 2796 2171 2856 pa-

345 2879 538 2926 tronos
559 2869 877 2947 pertinere,
912 2865 1291 2925 necessarium
1326 2867 1705 2938 existimavit,
1738 2886 1810 2924 ne
1836 2863 2172 2928 beneficium

345 2960 465 3018 istis
491 2960 686 3019 datum
712 2962 772 3019 in
803 2960 1074 3037 injuriam
1091 2967 1479 3038 patronorum
1508 2966 1943 3030 converteretur,
1975 2980 2170 3022 cavere

347 3060 410 3111 ut
447 3052 594 3113 bona
626 3053 1026 3131 defunctorum
1063 3052 1301 3133 proinde
1344 3052 1415 3112 ad
1444 3054 1884 3113 manumissores
1918 3056 2168 3133 pertine-

347 3154 504 3220 rent,
539 3167 606 3207 ιο
633 3149 683 3206 si
717 3146 810 3207 lex
844 3145 958 3207 lata
985 3166 1101 3207 non
1144 3156 1305 3207 esset.
1348 3146 1541 3229 Itaque
1582 3150 1709 3228 jure
1754 3145 2165 3228 quodammodo

350 3236 550 3319 peculii
599 3240 752 3301 bona
797 3240 1126 3299 Latinorum
1174 3243 1245 3301 ad
1282 3232 1722 3302 manumissores
1760 3258 1952 3301 eorum
1996 3245 2137 3321 perti
