2292 3684
373 55 446 100 m
475 54 621 99 mer.
650 56 700 96 o.
729 53 819 113 m,
849 44 908 108 53
935 42 1098 97 48οοι
1112 41 1169 95 84
1186 77 1201 95 .
1238 52 1393 103 omn.
1420 52 1555 97 uon.
1583 52 1705 97 ou..
1730 50 2029 97 rcum.

141 174 143 177 ⁴
424 202 436 222 .
485 156 725 219 Tollitur
777 155 959 230 adbuc
1008 156 1282 238 obligatio
1326 155 1441 215 litis
1494 158 1927 231 contestatione,
1980 158 2034 217 si

379 302 384 307 .
450 252 647 332 gitimo
680 248 895 332 judicio
940 250 1111 310 fuerit
1152 260 1361 311 actum.
1393 250 1540 309 Nam
1580 257 1715 309 tunc
1752 248 2033 331 obligatio

207 409 228 425 ι
251 362 421 403 -.aem
463 342 793 425 principalis
831 342 1180 419 dissolvitur,
1216 344 1417 425 incipit
1452 350 1645 403 autem
1676 346 1862 403 teneri
1894 362 2033 405 reus

188 437 302 497 litis
345 440 789 499 contestatione:
828 438 928 499 sed
970 440 1022 498 si
1065 432 1475 499 condemnatus
1515 439 1615 510 sit,
1650 436 1877 498 sublata
1910 437 2035 501 litis

33 516 171 579 ’ΛΝ
189 534 618 607 contestatione,
648 534 846 613 incipit
871 552 940 593 ex
965 552 1136 593 causa
1158 532 1395 612 judicati
1420 533 1618 593 teneri.
1650 532 1721 592 Et
1746 531 1855 593 hoc
1882 532 2031 613 (est)

39 598 348 706 ¹³¹“³⁸quod
385 625 544 709 apud
579 635 790 686 veteres
831 628 1105 707 scriptum
1133 636 1217 686 est
1252 647 1266 684 :
1296 634 1427 685 ante
1464 624 1621 687 litem
1656 634 2033 687 contestatam

191 719 325 778 dare
353 717 665 780 debitorem
691 728 978 801 oportere3
1010 728 1137 801 post
1162 720 1318 780 litem
1346 726 1713 783 contestatam
1750 718 2029 780 condem-

191 816 319 872 nari
369 822 657 893 oportere;
704 798 831 897 post
887 813 1417 875 condemnationem
1465 814 1783 895 judicatum
1838 814 2029 876 facere

191 916 474 989 oportere.
510 918 673 972 181.
706 908 858 969 Unde
897 908 986 981 fit,
1029 917 1093 969 ut
1135 910 1183 967 si
1224 908 1475 989 legitimo
1511 908 1728 989 judicio
1768 908 2027 969 debitum

191 1004 434 1082 petiero,
470 1010 664 1083 postea
704 1002 774 1065 de
811 1003 884 1063 'eo
919 1004 1044 1084 ipso
1083 1003 1217 1083 jure
1258 1020 1424 1083 agere
1459 1022 1573 1063 non
1614 1006 1854 1083 possim,
1891 1004 2031 1084 quia

161 1074 176 1093 “
189 1094 463 1155 inutiliter
484 1094 716 1156 intendo
739 1114 1003 1157 mmmm
1025 1113 1312 1169 oronnae,
1338 1098 1473 1177 quia
1488 1096 1601 1156 litis
1621 1098 2028 1157 contestatione

189 1187 314 1247 dari
339 1194 600 1270 oportere
628 1187 787 1248 desiit
817 1211 830 1248 ε
862 1188 1024 1248 aliter
1050 1196 1217 1269 atque
1246 1190 1294 1247 si
1319 1190 1561 1270 imperio
1593 1192 1903 1250 continenti
1924 1192 2028 1271 ju-

189 1282 334 1341 dicio
379 1284 619 1363 egerim3
663 1291 798 1344 tunc
835 1282 1401 1343 enim'nihilominus
1441 1282 1714 1366 obligatio
1750 1282 1939 1357 durat,
1970 1292 2031 1345 et

190 1374 316 1434 ideo
341 1378 467 1456 ipso
490 1377 622 1455 jure
651 1384 847 1458 postea
879 1396 1046 1458 agere
1074 1396 1337 1457 possum,
1362 1377 1461 1437 sed
1488 1376 1667 1438 debeo
1694 1397 1801 1459 per
1828 1396 2028 1458 excep-

191 1470 401 1550 tionem
436 1472 518 1529 rei
547 1470 810 1549 judicatae
844 1470 934 1531 vel
964 1472 1026 1529 in
1058 1468 1337 1553 judicium
1382 1469 1630 1531 deductae
1655 1474 2023 1532 summoveri.

191 1563 324 1635 Quae
353 1573 540 1625 autem
569 1564 819 1648 legitima
849 1564 1015 1647 (sint)
1039 1565 1287 1646 judicia,
1318 1573 1373 1625 et
1404 1586 1530 1647 quae
1568 1568 1810 1649 imperio
1844 1569 2028 1629 conti-

195 1665 465 1731 neantur,
499 1662 753 1741 sequenti
779 1661 1184 1721 commentario
1216 1659 1540 1723 referemus,
