2292 3684
403 66 505 119 280
543 75 660 117 osu
683 72 824 117 uter.
861 71 910 112 c.
932 70 1012 143 ¹11,
1043 56 1107 122 55
1134 54 1389 109 testeo.
1430 67 1503 109 ne
1532 66 1738 109 nanno.
1767 66 1941 116 eust..
1988 64 2075 107 m·
2118 64 2207 105 tm

403 176 732 237 reditstibus
754 173 1020 254 legatisve
1033 178 1131 231 aut
1147 169 1549 230 donationibus
1566 172 2045 251 propinquorum
2066 168 2207 249 adqa

267 318 272 325 .
403 272 570 330 situm
593 268 787 338 fuerit,
809 266 865 324 id
886 284 1053 325 omne
1073 262 1144 323 ad
1168 261 1534 323 substitutum
1555 265 1814 342 pertinet.

491 371 646 421 188.
679 362 1054 439 Quaecumque
1081 354 1325 413 diximus
1349 354 1417 412 de
1444 353 1841 413 substitutione
1866 350 2207 431 impubem

403 454 716 515 liberorum
753 450 838 511 vel
878 448 1152 510 heredum
1194 449 1580 509 institutorum
1617 446 1705 507 vel
1733 445 2207 508 exheredatorut

405 545 601 607 eadem
625 548 794 606 etiam
821 544 889 602 de
918 542 1193 622 postumis
1220 538 1617 620 intelligemus.

486 649 646 701 184.
677 638 958 716 Exti-aneo
983 654 1116 695 vero
1141 633 1336 695 heredi
1363 636 1616 694 instituto
1641 636 1721 693 ita
1746 632 2113 693 substituere
2146 654 2207 691 nt

401 750 731 815 possumus,
771 739 862 801 ut,
902 730 951 788 si
987 727 1151 787 heres
1190 728 1433 787 extiterit
1465 735 1521 786 et
1558 728 1711 787 intra
1746 725 1985 807 aliquod
2024 736 2206 806 temp]

401 826 728 898 decesserit,
751 823 898 884 elius
925 823 977 881 ei
1004 821 1167 882 heres
1195 822 1299 891 sit;
1324 820 1420 881 sed
1448 819 1557 881 hoe
1582 819 1769 882 solum
1798 820 1972 881 nobis
2002 822 2206 901 pei-mi

311 970 316 981 .
403 939 528 978 sum
557 926 672 988 est,
705 924 763 975 ut
791 935 921 975 eum
951 934 1054 995 per
1077 912 1572 975 fideicommissum
1600 911 1950 994 obligemus,
1986 922 2055 972 ut
2086 912 2207 972 hen

404 1009 632 1070 ditatem
663 1020 915 1069 nostram
943 1006 1030 1067 vel
1058 1013 1234 1065 totam
1264 1003 1349 1065 vel
1380 1004 1541 1085 (pro)
1574 1013 1733 1086 parte
1760 1004 2065 1064 restituat:
2096 1024 2207 1084 quc

397 1106 500 1184 jus·
523 1100 689 1183 quale
716 1102 813 1172 sit,
845 1120 948 1160 suo
982 1098 1104 1159 loeo
1132 1097 1437 1157 trademus.

490 1207 647 1257 185.
677 1195 831 1254 Sicut
857 1202 1044 1253 autem
1070 1180 1243 1251 liberi
1266 1189 1524 1250 homines
1542 1236 1555 1263 ,
1578 1192 1660 1250 ita
1680 1197 1735 1250 et
1752 1192 1897 1250 servi
1920 1198 2042 1249 tam
2062 1199 2207 1251 nost1

403 1310 579 1370 quam
625 1287 794 1348 alieni
838 1284 1071 1346 heredes
1117 1282 1290 1343 scribi
1330 1292 1585 1364 possunt.

494 1392 658 1443 186.
705 1378 814 1441 Sed
841 1388 1032 1439 noster
1057 1396 1251 1437 servus
1278 1374 1449 1436 simul
1476 1383 1532 1436 et
1555 1373 1705 1435 liber
1729 1382 1783 1433 et
1808 1372 1974 1434 heres
2003 1394 2135 1434 esse
2154 1377 2207 1453 ja

407 1475 530 1535 heri
561 1473 727 1536 debet
746 1521 763 1548 ,
804 1473 862 1533 id
902 1482 1015 1545 est,
1056 1471 1165 1531 hoc
1198 1468 1367 1529 modo
1403 1491 1417 1528 ε
1452 1469 1671 1529 Sricaus
1703 1486 1892 1529 suavus
1918 1486 2057 1528 ntus
2086 1484 2207 1529 mas

407 1584 671 1637 nameus:
722 1584 872 1637 asro,
914 1561 1000 1625 vel
1047 1580 1210 1623 nnus
1250 1580 1507 1634 emaque
1548 1578 1690 1621 asro·
1780 1568 1945 1621 182.
1994 1560 2147 1619 Nam
2196 1578 2207 1629 t

406 1663 527 1723 sine
564 1660 821 1720 libertate
861 1658 1024 1717 heres
1061 1657 1346 1715 institutus
1388 1655 1485 1727 sit,
1536 1654 1753 1713 etiamsi
1792 1662 1987 1735 postea
2028 1674 2207 1737 manu

408 1756 615 1813 missus
652 1751 822 1812 suerit
867 1770 902 1809 a
946 1748 1211 1821 domino,
1256 1747 1421 1809 heres
1450 1767 1569 1808 esse
1596 1766 1711 1808 non
1745 1755 1955 1827 potest,
1985 1750 2125 1827 quia
2152 1750 2206 1805 iu

405 1848 620 1907 stitutio
655 1847 716 1904 in
744 1862 990 1925 persona
1025 1843 1149 1920 ejus
1186 1860 1299 1900 uon
1330 1840 1604 1911 constitit3
1638 1839 1899 1919 ideoque,
1936 1838 2066 1899 lieet
2095 1840 2205 1901 alie

405 1949 572 1998 natus
605 1940 702 2011 sit,
744 1957 859 1998 nou
891 1944 1089 2018 potest‘
1110 1935 1275 2013 jussu
1320 1931 1535 1993 domini
1576 1952 1803 1993 eernere
1846 1930 2205 1993 hereditatem

414 2039 573 2090 188.
626 2028 768 2089 Cum
806 2027 1064 2087 libertate
1101 2045 1235 2085 vero
1272 2024 1435 2085 heres
1472 2026 1787 2097 institutus,
1824 2026 1873 2085 si
1906 2024 2132 2105 quidem
2166 2029 2205 2085 iu

405 2121 602 2182 eadem
626 2141 798 2190 causa
831 2122 1140 2189 manserit,
1156 2118 1243 2197 fit
1276 2138 1344 2179 ex
1379 2126 1712 2178 testamento
1746 2115 1893 2177 liber
1916 2124 2085 2198 atque
2124 2137 2205 2177 ue·

403 2218 682 2275 cessat-ius
721 2216 900 2275 heres.
954 2214 1012 2273 Si
1062 2232 1193 2292 vero
1240 2210 1315 2271 ab
1359 2215 1484 2292 ipso
1538 2220 1801 2273 testatore
1852 2214 2205 2273 manumissus

404 2308 573 2367 fuerit
591 2352 606 2379 ,
638 2327 740 2367 suo
765 2290 1005 2373 ⁸arbitrio
1033 2303 1401 2365 hereditatem
1428 2302 1584 2371 adire
1611 2313 1807 2384 potest.
1840 2303 1993 2375 Quod
2018 2307 2064 2364 si
2082 2306 2205 2366 alie·

408 2407 574 2459 natus
614 2402 719 2472 sit,
757 2400 922 2477 jussu
971 2399 1104 2457 novi
1156 2395 1370 2455 domini
1412 2396 1577 2457 adire
1620 2395 1982 2457 hereditatem
2027 2397 2205 2469 debet,

408 2500 465 2552 et
481 2510 549 2551 ea
567 2494 782 2551 ratione
800 2511 902 2572 per
927 2510 1057 2551 eum
1074 2489 1339 2548 dominus
1358 2487 1420 2547 fit
1438 2488 1627 2561 heres3
1650 2507 1791 2549 nam
1806 2491 1924 2568 ipse
1938 2486 2205 2553 alienam

407 2602 588 2665 neque
616 2584 779 2644 heres
811 2602 992 2663 neque
1018 2580 1167 2640 liber
1195 2600 1313 2641 esse
1342 2588 1537 2661 potest.

494 2685 648 2736 189.
675 2674 1151 2756 Alienus·quoque
1170 2692 1361 2733 servus
1382 2670 1543 2733 heres
1564 2674 1873 2747 institutus,
1893 2676 2009 2734 siin
2022 2674 2203 2733 eadem

407 2787 577 2829 cause
606 2768 907 2835 duraverit,
931 2768 1096 2847 jussu
1117 2767 1335 2827 domini
1362 2765 1727 2827 hereditatem
1764 2766 1917 2827 adire
1946 2764 2131 2838 debet;
2164 2771 2203 2827 si

407 2882 541 2922 vero
577 2861 852 2922 alienatus
891 2859 1068 2921 fuerit
1103 2860 1179 2921 ab
1216 2880 1305 2933 eo,
1342 2868 1448 2921 aut
1482 2862 1606 2921 vivo
1642 2869 1923 2933 testatore,
1959 2868 2047 2920 aut
2082 2872 2203 2941 post

408 2964 649 3016 mortem
691 2958 814 3035 ejus
862 2963 1169 3037 antequam
1208 2953 1403 3029 adeat,
1454 2951 1614 3014 debet
1632 2954 1813 3033 jussu
1850 2955 1972 3015 novi
1998 2951 2202 3014 domini

409 3068 658 3110 eernere.
702 3050 757 3109 Si
785 3050 1168 3109 manumissus
1196 3055 1280 3107 est
1303 3053 1613 3127 antequam
1632 3046 1831 3119 adeat,
1862 3064 1956 3105 suo
1978 3046 2197 3108 arbitrio

407 3138 566 3201 adire
609 3139 983 3205 hereditatem,
1014 3147 1213 3219 potest.
1271 3148 1429 3199 180.
1472 3139 1545 3201 Si
1579 3148 1766 3198 autem
1794 3158 1973 3199 servus
1996 3138 2195 3199 alienus

410 3236 572 3297 heres
598 3234 884 3294 institutus
901 3239 1012 3299 est,
1045 3230 1265 3312 vulgari
1290 3231 1537 3291 cretione
1564 3228 1711 3303 dats,
1741 3227 2193 3310 itu.(intsll)igitur
