2292 3684
282 124 349 181 90
390 136 507 183 cm
536 136 679 178 msr.
718 136 765 175 c.
806 134 849 189 1,
886 122 947 187 §s
984 120 1244 175 444448.
1279 136 1353 177 un
1379 136 1598 177 'turem
1634 135 2123 179 ‘resumtum-Anu.

370 620 535 672 144.
564 610 911 669 Permissum
942 617 1025 668 est
1048 610 1238 689 itaque
1267 607 1625 689 parentibus,
1666 608 1862 669 liberis
1889 628 2040 691 quos
2071 611 2129 668 iu

284 712 557 787 potestate
585 723 685 763 sua
715 703 947 775 habent,
976 711 1309 762 testamento
1341 702 1604 783 (tuto)res
1633 702 1787 776 dare,
1819 702 2134 763 masculini

284 798 511 877 quidem
543 818 707 857 sexus
729 796 1147 879 impuberibus,
1165 798 1448 878 seminini
1477 805 1672 858 autem
1698 801 1870 859 etiam
1885 796 2132 878 puberi-

286 891 420 963 hun,-
465 900 677 951 veteres
720 895 875 951 enim
914 890 1214 952 voluerunt
1257 891 1522 963 seminas,
1563 892 1734 950 etiem
1773 892 1822 950 si
1864 891 2134 973 perfectae

286 987 461 1045 aetatis
480 986 610 1056 sint,
634 994 869 1066 propter
890 986 1065 1044 animi
1084 984 1364 1045 levitatem
1383 985 1444 1043 in
1472 982 1645 1043 tutela
1665 1002 1804 1045 esse.

370 1090 531 1140 145.
567 1078 759 1160 Itaque
804 1080 853 1138 si
896 1081 1021 1160 quis
1060 1078 1178 1139 filio
1218 1078 1456 1157 filiaeque
1497 1085 1830 1138 testamento
1877 1084 2138 1137 tutorem

186 1182 194 1187 “
288 1172 524 1243 dederit,
554 1179 609 1231 et
634 1170 806 1231 ambo
833 1172 905 1231 ad
934 1171 1288 1254 pubertatem
1316 1172 1688 1250 pervenerint,
1715 1168 1864 1229 filius
1895 1170 2138 1251 quidem

287 1264 492 1325 desinit
533 1262 747 1324 habere
789 1273 1057 1339 tutorem,
1098 1264 1214 1323 filia
1259 1283 1392 1324 vero
1441 1262 1809 1324 nihilominus
1855 1265 1915 1323 in
1955 1264 2140 1325 tutele

290 1367 583 1439 permanet
624 1380 637 1417 ε
685 1367 903 1418 tantum
940 1360 1089 1417 enim
1132 1377 1204 1417 ex
1250 1356 1372 1437 lege
1405 1356 1558 1417 Julia
1589 1367 1644 1417 et
1675 1358 1854 1439 Papia
1881 1357 2138 1440 Poppaea

284 1452 416 1532 jure
446 1448 758 1510 liberorum
789 1469 824 1508 e
851 1447 1024 1512 tutela
1058 1448 1374 1509 liberantur
1403 1448 1645 1510 feminee.
1676 1450 1995 1531 Loquimur
2028 1472 2140 1511 au-

290 1554 405 1605 tem
434 1546 678 1626 exceptis
716 1541 1029 1625 virginibus
1060 1541 1404 1614 Vestalibus,
1451 1561 1594 1622 quas
1621 1544 1792 1603 etiam
1820 1552 2036 1605 veteres
2075 1548 2138 1605 in

292 1637 567 1699 honorem
610 1638 903 1699 sacerdotii
936 1636 1143 1697 liberas
1179 1654 1302 1696 esse
1339 1633 1638 1697 voluerunt
1677 1659 1690 1695 ε
1731 1639 1924 1718 itaque
1959 1641 2140 1701 etiam

294 1729 419 1813 lege
444 1731 543 1791 xu
572 1730 897 1791 tabularum
924 1741 1152 1792 cautum
1181 1738 1280 1790 est.

379 1836 538 1887 146.
586 1825 901 1907 Nepotibus
927 1832 1114 1885 autem
1143 1823 1524 1907 neptibusque
1550 1828 1630 1886 ite
1657 1824 1889 1886 demum
1925 1846 2144 1907 possu-

294 1941 423 1982 mus
453 1928 783 1981 testemeuto
810 1927 1021 1980 tutores
1050 1919 1213 1993 dare,
1254 1923 1302 1980 si
1341 1930 1466 2001 post
1505 1929 1746 1982 mortem
1780 1930 2041 1982 nostram
2077 1926 2143 1985 in

293 2016 473 2097 patris
502 2015 591 2074 sui
617 2021 945 2094 potestatem
964 2011 1099 2095 jure
1125 2017 1374 2077 recasuri
1401 2032 1518 2075 non
1542 2014 1674 2076 sint.
1695 2013 1892 2095 Itaque
1913 2016 1960 2074 si
1983 2014 2144 2075 filius

296 2130 459 2170 meus
496 2110 693 2169 mortis
726 2126 864 2167 meoe
890 2116 1145 2188 tempore
1173 2110 1232 2168 in
1263 2116 1534 2192 potestate
1567 2127 1695 2167 mea
1732 2110 1830 2183 sit,
1869 2122 2142 2191 nepotes,

297 2224 441 2286 quos
472 2224 542 2264 ex
572 2222 641 2263 eo
681 2201 945 2283 (habeo),
978 2222 1095 2264 non
1126 2210 1390 2286 poterunt
1415 2225 1484 2264 ex
1511 2212 1845 2264 testamento
1873 2224 2004 2265 meo
2029 2204 2145 2265 ha-

300 2296 436 2357 here
468 2303 740 2368 tutorem,
780 2298 1037 2378 quamvis
1076 2298 1137 2356 iu
1177 2304 1448 2378 potestate
1483 2316 1613 2357 mea
1651 2296 1889 2371 fuerint,
1928 2296 2146 2359 seilicet

298 2394 435 2475 quia
458 2398 683 2451 mortuo
714 2410 807 2451 me
833 2393 895 2451 in
924 2394 1103 2474 patris
1130 2394 1218 2451 sui
1245 2398 1518 2472 potestate
1539 2390 1718 2450 futuri
1737 2399 1890 2455 sunt.

385 2494 543 2546 141.
577 2484 720 2545 Cum
760 2493 947 2545 tumen
986 2486 1047 2545 in
1082 2482 1470 2565 compluribus
1503 2482 1630 2543 aliis
1669 2486 1853 2545 causis
1885 2488 2142 2567 postumi

300 2596 407 2661 pro
444 2580 566 2657 jum
606 2578 755 2638 netis
795 2576 1144 2648 habeantur,
1191 2584 1246 2637 et
1285 2578 1347 2635 in
1383 2576 1489 2637 hac
1523 2598 1697 2637 causa
1739 2578 1977 2660 placuit,
2017 2598 2140 2649 non

300 2672 491 2731 minus
530 2670 807 2751 postumia
842 2689 1014 2751 quam
1043 2670 1168 2748 jam
1204 2672 1352 2728 netis
1387 2676 1721 2731 testamento
1759 2680 1973 2731 tutores
2013 2671 2142 2731 dari

168 2770 179 2783 '
298 2782 465 2845 posse
497 2782 510 2822 :
542 2764 591 2822 si
618 2761 787 2822 modo
812 2763 869 2821 in
904 2780 971 2821 ee
996 2780 1168 2823 cause
1197 2764 1335 2832 sint,
1367 2771 1429 2822 ut
1455 2764 1504 2821 si
1531 2765 1670 2823 vivis
1695 2762 1861 2823 nohis
1895 2783 2140 2825 uescen-

302 2866 421 2924 tur,
456 2857 514 2914 in
544 2862 816 2937 potestate
844 2862 1035 2914 nostre
1058 2853 1212 2914 fiant.
1245 2854 1360 2913 Hos
1387 2856 1553 2915 etiam
1586 2855 1819 2917 heredes
1846 2858 2144 2919 instituere

301 2968 621 3032 possumus,
643 2969 773 3009 cum
795 2955 1087 3011 extraneos
1112 2956 1406 3031 postumus
1432 2946 1666 3009 heredes
1693 2951 1986 3011 instituere
2011 2971 2143 3035 per-

302 3044 541 3102 missum
569 3064 685 3103 non
714 3045 807 3104 sit.

386 3148 545 3199 148.
583 3139 825 3219 (Uxori)
865 3158 987 3221 quae
1016 3139 1072 3195 iu
1105 3157 1281 3199 manu
1311 3144 1420 3210 est,
1455 3138 1693 3221 proinde
1725 3160 1790 3201 ac
1817 3138 1974 3213 filiae,
2003 3136 2143 3201 item

306 3232 479 3289 nurui
512 3253 636 3314 quoe
665 3234 723 3291 in
754 3230 853 3290 filii
884 3250 1057 3290 manu
1084 3238 1196 3301 est,
1242 3230 1480 3311 proinde
1509 3252 1574 3293 ac
1603 3234 1783 3314 nepti,
1828 3241 1980 3294 tutor
2016 3232 2140 3292 dari

306 3334 503 3405 potest.
