2292 3684
19 111 85 220 ’χ
165 115 385 213 (mvl
431 116 768 189 ADRmNJ
816 117 1306 226 εΕΝΤΕΝΤυΕ
1353 121 1463 191 ET
1512 105 2006 221 ErlsTOLAE.)

250 448 311 499 Ι.
344 436 669 498 Mirandum
708 445 793 496 est
836 443 891 498 et
930 436 1284 497 laudandum
1330 445 1488 499 tanto
1533 441 1764 520 ingenio
1811 439 2008 500 hocin

155 531 315 592 libro
342 551 488 613 opus
522 529 791 592 doctrinm
812 531 1268 612 interpretatum.
1297 531 1442 591 Ante
1470 531 1579 592 hoc
1604 533 1757 592 enim
1784 531 2008 594 duobus

14 637 19 646 ’
154 625 327 686 libris
353 627 663 707 conscripsi
682 625 877 684 omnia
896 623 1097 698 verba,
1124 642 1251 704 quoe
1278 626 1462 704 potui,
1501 633 1695 686 nostra
1731 627 2010 708 interpre-

159 721 377 780 tatione
394 765 411 792 ,
445 739 571 802 quae
594 720 912 779 necessaria
947 716 1198 778 arbitror
1219 763 1234 790 ,
1271 725 1326 776 et
1353 719 1588 777 omnin‘o
1619 739 1743 800 quae
1771 730 2012 801 prosunt

154 813 495 874 hominibus
523 811 875 873 amatoribus
898 810 1135 893 loquelae
1166 808 1354 870 latinae
1387 834 1400 872 :
1445 830 1561 871 non
1591 811 1844 874 dubitavi
1864 817 2007 892 etin
2089 865 2096 876 .

12 919 21 950 ἰ
154 905 273 968 hoc
297 904 449 966 libro
482 905 725 986 adjicere
746 952 761 978 ,
811 913 873 965 ut
898 904 1112 966 habeas
1132 951 1147 979 ‚
1178 903 1280 964 ubi
1307 911 1362 965 te
1383 906 1575 986 ipsum
1593 927 1884 982 exerceas,
1912 907 2010 968 sed

159 1009 219 1061 et
244 999 487 1060 feliciter
509 998 707 1061 liberis
750 1000 862 1060 tuis
900 999 1191 1081 relinquas
1218 1001 1555 1060 memoriam
1585 1009 1639 1060 et
1683 1001 2009 1082 exemplum

158 1091 483 1153 studiorum
534 1101 787 1153 tuorum.
841 1091 973 1152 Jam
1026 1111 1162 1172 ergo
1210 1093 1554 1173 incipiamus
1609 1094 1999 1174 interpretari,

160 1188 307 1246 sicut
333 1205 637 1267 possumus
656 1184 859 1244 docere
903 1186 1119 1265 optima
1151 1206 1164 1242 ε
1207 1183 1306 1243 sed
1347 1183 1594 1264 capitula
1625 1187 2008 1271 nominum-et

160 1278 469 1340 verberum
499 1281 945 1360 uniuscujusque
979 1277 1098 1337 haec
1130 1285 1298 1337 erunt
1322 1295 1435 1344 mvi
1462 1278 1690 1340 Anniam
1717 1299 2006 1340 scuranum

158 1391 531 1446 murisrom,
562 1392 630 1434 ex
662 1371 870 1453 quibus
887 1373 1076 1452 maj0r
1093 1370 1302 1431 utilitas
1325 1374 1598 1452 sequitur.
1648 1419 1662 1433 .
1709 1419 1723 1434 .
1750 1371 2006 1432 homini-

157 1467 271 1527 bus
296 1466 371 1527 ab
399 1486 466 1527 eo
495 1467 768 1548 principe.
817 1511 831 1526 .
882 1508 896 1523 .
928 1465 1036 1524 fuit
1054 1472 1110 1523 et
1132 1463 1377 1545 loquela.
1410 1465 1720 1546 Propterea
1746 1485 2003 1526 necessa-

158 1562 245 1620 rio
275 1568 407 1619 sunt
433 1558 673 1640 legenda
694 1565 749 1618 et
774 1559 1063 1618 memorias
1084 1556 1384 1631 tradenda,
1415 1561 1462 1617 si
1488 1558 1716 1639 quidem
1745 1558 2004 1620 volumus

158 1652 331 1713 latine
350 1652 508 1734 loqui
536 1651 621 1712 vel
645 1670 824 1733 groece
854 1652 977 1712 sine
1004 1651 1154 1711 vitio.
1189 1649 1281 1712 Sic
1307 1652 1668 1733 incipiamus.

236 1841 309 1892 π.
340 1830 571 1890 Petente
603 1829 878 1911 quodam,
911 1838 975 1891 ut
1000 1829 1300 1904 militaret,
1350 1827 1642 1914 Adrianus
1678 1828 1821 1890 dixit
1851 1851 1865 1889 :
1897 1827 2006 1890 Ubi

158 1926 242 1985 vis
268 1924 515 1985 militare
544 1923 574 1983 ⁶?
596 1923 701 1984 Illo
718 1924 939 1985 dicente
964 1941 981 1985 ε
1016 1925 1081 1984 ln
1119 1925 1410 2005 proetorio,
1441 1923 1724 1985 Adrianus
1753 1925 2004 1985 interro-

158 2019 311 2098 gavit
344 2039 359 2077 ε
400 2016 582 2089 Quam
629 2025 905 2102 staturam
948 2015 1168 2078 habes?
1207 2017 1466 2098 (memte
1505 2013 1606 2078 illo
1634 2017 1698 2096 .·)
1739 2015 2004 2096 Quinque

158 2110 330 2191 pedes
358 2119 412 2170 et
440 2112 610 2170 semis
627 2155 643 2183 ,
663 2108 947 2170 Adrianus
982 2109 1123 2170 dixit
1150 2132 1164 2169 z
1190 2110 1420 2170 Interim
1447 2111 1509 2168 in
1549 2107 1772 2169 urbano
1797 2109 2000 2179 milita,

158 2211 211 2266 et
238 2207 289 2265 si
316 2202 505 2266 bonus
528 2204 693 2265 miles
726 2203 931 2278 fueris,
962 2206 1123 2266 tertio
1158 2204 1438 2286 stipendio
1464 2205 1675 2286 poteris
1703 2205 1764 2263 in
1795 2210 2002 2285 proeto-

158 2299 309 2359 rium
337 2300 599 2358 transire.

237 2400 310 2454 8.
366 2392 475 2451 Per
519 2388 782 2451 libellum
829 2397 1055 2472 petente
1099 2389 1370 2471 quodam,
1419 2399 1482 2450 ut
1517 2409 1686 2451 suum
1731 2389 1998 2452 libertum

156 2485 450 2567 perderet,
478 2505 649 2566 quem
676 2491 809 2545 ante
837 2491 1061 2566 tempus
1100 2486 1266 2566 jussu
1303 2483 1553 2564 proel'ecti
1579 2485 1762 2544 oerarii
1791 2503 1999 2545 secun-

158 2577 295 2638 dum
343 2576 527 2660 legem
578 2577 787 2638 AEliam
840 2577 1095 2638 Sentiam
1140 2577 1202 2634 in
1257 2575 1564 2636 lautumias
1617 2578 1888 2650 miserat,
1947 2588 2001 2637 et

156 2671 327 2733 modo
379 2673 738 2753 congiarium
778 2669 953 2750 hujus
999 2677 1240 2750 peteret,
1286 2669 1572 2731 Adrianus
1615 2669 1796 2730 dixit:
1853 2669 2000 2741 Quid

157 2765 363 2847 quoeris
402 2765 641 2847 perdere
682 2765 979 2824 hominem
1020 2770 1075 2822 et
1100 2764 1459 2844 congiarium
1487 2763 1740 2838 auferre,
1789 2781 1860 2824 ex
1885 2781 2000 2845 quo

149 2862 277 2941 jam
310 2860 625 2921 vindicatus
653 2863 755 2922 es?
785 2855 1087 2948 Improbus
1114 2878 1196 2918 es.

236 2965 309 3016 4.
338 2955 569 3014 Petente
606 2952 854 3035 quodam
882 2951 952 3010 de
980 2969 1087 3012 suo
1110 2949 1260 3025 filio,
1291 2950 1445 3033 quod
1471 2953 1664 3033 ipsum
1693 2949 2004 3035 negligeret

156 3047 631 3110 valetudinarium
676 3056 733 3109 et
776 3066 1119 3128 pauperem,
1163 3053 1220 3107 et
1257 3067 1489 3128 pascere
1533 3045 1738 3120 nollet,
1783 3049 1842 3106 in
1887 3066 2002 3128 qno

155 3160 356 3202 omnes
384 3141 677 3204 facultates
704 3161 835 3201 suas
862 3138 1246 3220 expenderat,
1276 3139 1561 3202 Adrianus
1589 3140 1730 3201 dixit
1755 3142 1950 3220 juveni
1985 3161 1998 3197 :

156 3234 391 3295 Custodi
425 3246 645 3316 patrem
676 3243 869 3306 tuum3
902 3233 1030 3294 ideo
1062 3236 1220 3295 enim
1247 3243 1302 3296 te
1327 3238 1548 3318 genuit3
1582 3255 1720 3297 eura
1757 3255 1891 3314 ergo
1929 3252 2003 3293 ne

156 3328 365 3387 iterum
392 3326 461 3387 de
488 3336 543 3386 te
570 3326 723 3408 apud
752 3347 845 3386 me
872 3335 1161 3405 queratur.
