2292 3684
249 103 354 165 52⁶
391 120 508 164 cm
539 119 685 164 ms‘r.
711 123 764 163 c.
791 123 875 179 ru,
908 101 972 180 ἐς
997 107 1272 177 204,Ξο2.
1314 117 1496 162 oenc.
1525 117 1601 160 nx
1628 118 1878 161 numero.
1906 114 2090 160 ruer.

327 213 494 286 wi.
517 225 732 284 Rursus
761 245 828 284 ex
855 223 1070 285 diverso
1085 268 1100 296 ,
1129 215 1415 282 interdum‘
1438 221 1627 302 (rem)
1648 219 1901 280 alienam
1919 242 2097 282 occu-

249 335 386 398 pare
412 325 468 375 et
493 335 802 398 usucapere
826 335 1156 376 concessum
1178 324 1280 389 est,
1303 333 1406 373 nec
1432 313 1678 374 creditur
1702 313 1921 375 furtum
1938 315 2098 388 fieri,

246 407 399 470 velut
423 428 514 469 ree
539 409 908 471 hereditarias
937 429 1182 492 quarum
1208 411 1511 490 nonpn'us
1538 417 1739 468 nactus
1770 411 2101 488 possessio·

247 521 379 562 nem
425 505 772 563 necessarius
808 503 972 563 heres
1009 512 1178 575 essen
1208 521 1345 562 nam
1380 503 1700 562 necessario
1739 500 1949 562 herede
1988 521 2107 564 ex-

247 603 399 654 tante
423 593 634 675 placuit
659 604 718 656 ut
747 616 852 678 pro
879 595 1086 656 herede
1113 597 1347 676 usucapi
1373 596 1573 677 possit.
1595 595 1831 656 Debitor
1846 615 2103 678 quoque,

247 689 347 768 qui
371 687 638 748 fiduciam
665 709 838 770 quam
867 689 1130 750 creditori
1162 687 1571 766 mancipaverit
1598 696 1697 746 aut
1724 689 1783 746 in
1806 690 1941 766 jure
1968 709 2109 749 ces-

247 773 407 854 s‘e'rlt,
441 780 682 854 detinet,
723 779 1117 866 ut'superiore
1154 783 1560 843 commentario
1597 779 1925 856 retuUmuS,
1968 785 2109 850 eine

211 894 216 900 ·
248 875 400 935 furto
429 877 714 957 possidere
745 885 800 938 et
826 896 1139 962 usucapere
1169 883 1367 958 potest.

217 981 236 1000 ⁸
327 977 496 1032 ΜΟ.
518 970 809 1031 Interdum
829 972 966 1032 furti
987 980 1206 1032 tenetur
1225 971 1325 1054 qui
1341 971 1463 1050 ipse
1484 969 1701 1030 furtum
1728 990 1848 1030 non
1875 971 2103 1046 fecerit,

249 1062 432 1145 qualis
469 1074 552 1126 est
587 1067 749 1146 cujus
787 1088 894 1150 ope
931 1066 1167 1127 consilio
1203 1065 1415 1124 furtum
1454 1064 1669 1124 sactum
1705 1075 1790 1125 est
1822 1088 1835 1124 :
1880 1067 1943 1125 in
1979 1088 2108 1148 quo

248 1176 486 1218 numero
517 1167 598 1219 est
627 1161 724 1242 qui
753 1179 1016 1219 nummos
1053 1157 1154 1218 tihi
1190 1157 1459 1229 excussit,
1493 1165 1555 1216 ut
1586 1179 1681 1218 eos
1720 1159 1868 1217 alius
1898 1157 2110 1219 subri-

251 1261 441 1330 peret,
474 1251 561 1312 vel
590 1253 804 1312 obstitit
841 1251 974 1326 tibi,
1015 1259 1076 1311 ut
1115 1249 1257 1309 alius
1298 1251 1641 1336 surriperet,
1672 1261 1772 1310 aut
1803 1272 1963 1324 ovoe,
1998 1265 2111 1312 aut

247 1341 417 1404 boves
451 1353 579 1406 tues
607 1345 846 1428 fugavit,
880 1354 940 1405 ut
975 1344 1119 1404 elius
1156 1363 1251 1403 eas
1288 1344 1570 1426 exciperet
1599 1368 1611 1403 z
1643 1355 1697 1404 et
1724 1343 1835 1406 hoc
1876 1357 2105 1408 veteres

249 1439 598 1518 scripserunt
625 1440 692 1500 de
720 1460 786 1499 eo
815 1441 913 1522 qui
941 1456 1132 1520 panno
1162 1437 1336 1494 rubro
1365 1436 1578 1518 fugavit
1606 1449 1952 1500 armentum.
1989 1441 2107 1502 Sed

251 1533 297 1590 si
328 1532 464 1613 quid
493 1551 597 1612 per
624 1530 944 1602 lasciviam,
980 1539 1034 1589 ct
1061 1548 1176 1588 non
1205 1528 1338 1587 data
1363 1548 1537 1610 opere
1574 1540 1636 1591 ut
1675 1531 1894 1591 furtum
1934 1555 2109 1596 com-

249 1623 592 1696 mitteretur,
627 1624 838 1683 factum
869 1625 967 1695 sit,
997 1618 1313 1681 videbimus
1356 1641 1429 1680 an
1472 1621 1624 1683 utilis
1659 1623 1911 1708 Aquilioe
1947 1630 2111 1690 actio

250 1714 379 1775 dar?
396 1715 624 1790 debeat,
649 1735 780 1776 cum
808 1735 912 1796 per
938 1713 1120 1796 legem
1150 1711 1463 1796 Aquiliam,
1486 1735 1612 1798 quae
1638 1711 1707 1777 de
1735 1716 1955 1780 damno
1985 1719 2113 1781 lata

255 1811 425 1886 (cst),
459 1812 627 1870 etiam
655 1807 825 1892 culpa
850 1809 1138 1892 puniatur.
