2292 3684
160 120 325 164 sur.
352 122 507 165 mar.
548 123 605 165 r..
638 124 705 177 n,
743 124 796 167 τ.
824 124 989 167 xxm.
1028 120 1100 167 π
1136 124 1546 167 rinstmfflss.
1577 124 1840 167 naason.
1881 114 1983 169 333

214 236 281 287 2.
308 224 419 285 sod
448 227 595 305 quia
628 226 1016 307 stipulationes
1052 246 1121 287 ex
1155 226 1640 287 senatusconsulto
1676 228 1988 308 Pegasiano

122 410 265 469 dam
292 410 535 471 ensibus
562 415 845 495 captiosas
862 433 955 473 eas
980 412 1153 473 bomo
1171 411 1376 473 excelsi
1395 413 1610 494 ingenii
1637 414 1986 493 Papinianus

116 502 421 584 appellat,
452 512 511 563 et
540 504 713 565 nobis
738 506 801 563 in
828 504 1045 586 legibus
1074 508 1256 587 magis
1295 506 1626 586 simplicitas
1663 524 1835 586 quam
1874 504 1986 565 dit·-

118 596 353 657 fieultas
384 596 605 679 placet,
638 597 763 658 ideo
788 596 1055 659 omnibus
1083 600 1252 659 nobis
1279 602 1556 681 suggestis
1583 607 1697 661 tam
1727 598 1984 659 similitu-

120 690 368 751 dinibus
400 712 587 772 qaam
622 690 956 753 differentiis
994 695 1288 774 utriusque
1326 692 1832 762 senatusconsulti,
1864 690 1988 773 pla-

120 790 275 857 cuit,
309 784 559 867 exploso
595 785 1077 846 senatusconsulto
1116 788 1430 868 Pegasiano
1470 786 1620 867 quod
1657 796 1854 868 postea
1889 806 1986 845 sn·-

120 882 416 959 pervenit,
444 898 681 939 omnem
704 882 1091 940 auctoritatem
1115 878 1478 939 Trebelliano
1501 878 1988 940 senatusconsulto

120 982 447 1053 prestare,
495 981 561 1031 nt
616 992 685 1030 ex
733 992 801 1031 eo
850 971 1376 1033 fideicommissarioe
1433 971 1765 1032 hereditates
1820 974 1988 1033 resti-

118 1073 393 1139 tuantur,
415 1068 537 1125 sive
560 1062 775 1123 habeat.
792 1062 958 1123 heres
986 1084 1055 1124 ex
1082 1064 1368 1125 voluntate
1397 1066 1675 1124 testatoris
1705 1074 1984 1145 quartam,

120 1161 245 1219 sire
280 1158 449 1239 plus.
479 1160 599 1218 sive
620 1160 847 1227 minus,
872 1159 986 1217 sive
1014 1158 1160 1217 nihil
1186 1160 1410 1238 penitus
1435 1179 1449 1217 z
1478 1167 1539 1217 ut
1566 1167 1730 1231 tuno,
1759 1160 1989 1239 quando

122 1253 217 1313 vel
245 1253 438 1325 nihil,
472 1250 563 1311 vel
594 1253 783 1309 minus
820 1258 1027 1331 quarta
1062 1252 1216 1332 apud
1261 1272 1393 1311 eum
1435 1262 1721 1324 remanet,
1751 1250 1912 1313 liceat
1939 1256 1990 1313 ei

122 1346 221 1405 sel
248 1356 551 1427 quartam,
578 1344 665 1404 vel
691 1344 843 1425 quod
870 1344 1041 1415 deest,
1074 1366 1143 1406 ex
1167 1355 1362 1405 nostra
1389 1348 1719 1407 auctoritate
1748 1349 1988 1407 retinere

128 1439 225 1499 vel
275 1450 543 1523 repetere
588 1437 863 1511 solutum,
898 1441 1063 1519 quasi
1103 1458 1171 1499 ex
1212 1438 1572 1500 Trebelliano
1619 1450 1992 1501 senatuscon-

130 1536 319 1607 sulto,
362 1556 479 1618 pro
507 1545 630 1595 rata
658 1538 917 1617 portione
946 1535 1264 1595 actionibus
1294 1546 1409 1595 tam
1439 1536 1500 1595 in
1529 1534 1794 1595 heredem
1820 1556 1992 1617 qnam

128 1634 195 1690 in
228 1630 825 1691 fideicommissariam
866 1628 1338 1710 competentibus.
1372 1629 1430 1689 Si
1459 1649 1592 1689 vero
1619 1638 1794 1690 totam
1823 1629 1992 1691 bere-

130 1721 377 1781 ditatem
420 1729 621 1801 sponte
659 1722 989 1791 restitnerit,
1020 1739 1218 1781 omnes
1255 1719 1604 1788 hereditariae
1642 1722 1888 1781 actiones
1922 1721 1994 1783 fi-

46 1835 48 1856 ἱ
132 1814 637 1877 deioemmissario
660 1822 717 1873 et
742 1812 1011 1873 adversus
1048 1834 1178 1873 eum
1219 1823 1569 1894 competunt.
1603 1813 1710 1874 Sed
1738 1815 1908 1873 etiam
1935 1814 1992 1873 id

132 1907 297 1989 quod
354 1908 713 1988 proecipuum
766 1906 1063 1986 Pegasiani
1116 1906 1588 1965 senatusconsulti
1647 1904 1859 1977 fuerat,
1903 1916 1990 1978 ut,

46 2039 48 2048 ·
136 2000 383 2083 quando
421 1998 717 2059 recusabat
752 1999 917 2070 heres
961 2002 1206 2080 scriptus
1248 1998 1357 2058 sibi
1399 1998 1588 2058 datam
1628 1998 1996 2061 hereditatem

136 2096 329 2165 adire,
356 2094 667 2153 necessitas
695 2095 745 2151 ei
770 2094 1160 2171 imponeretur
1188 2100 1362 2151 totnm
1392 2090 1760 2151 hereditatem
1791 2093 1997 2151 volenti

132 2189 677 2249 fideicommissario
721 2188 1045 2259 restituere,
1091 2188 1146 2246 e‘t
1187 2204 1387 2245 omnes
1423 2184 1494 2243 ad
1539 2204 1672 2244 enm
1713 2195 1766 2244 et
1801 2194 1997 2246 contra

134 2302 277 2342 enm
296 2282 551 2341 transire
570 2282 835 2351 actiones,
856 2289 909 2340 et
932 2278 1043 2339 hoc
1074 2280 1502 2359 transponimus
1526 2278 1598 2337 ad
1627 2288 1996 2348 senatuscong-

46 2367 48 2372 ’
134 2376 361 2435 sultam
380 2373 834 2433 Trebellenium:
860 2384 923 2433 ut
939 2394 1009 2435 ex
1029 2373 1139 2433 hoc
1161 2374 1282 2433 solo
1303 2382 1357 2433 et
1379 2374 1680 2433 necessitas
1701 2372 1890 2433 heredi
1903 2375 2000 2434 im-

140 2478 439 2551 ponatur,
479 2470 555 2539 si,
596 2470 717 2549 ipso
756 2468 983 2527 nolente
1022 2468 1216 2539 adire,
1255 2467 1809 2527 fideicommissarius
1845 2466 1996 2526 dasi-

142 2562 311 2622 derat
366 2560 587 2621 restitui
639 2558 749 2621 sibi
801 2559 1200 2633 hereditatem,
1251 2559 1412 2619 nullo
1467 2578 1572 2619 nec
1626 2560 1836 2619 damno
1893 2580 1997 2620 nec

144 2654 457 2717 commodo
484 2652 637 2735 apnd
668 2652 937 2714 heredem
970 2662 1317 2713 remanente.

46 2797 49 2838 Ι
226 2760 295 2813 8.
346 2746 509 2807 Nihil
541 2754 733 2807 antem
770 2748 1032 2821 interes-t,
1070 2758 1266 2809 utrum
1306 2746 1514 2829 aliquis
1553 2768 1624 2809 ex
1669 2758 1796 2808 asse
1833 2746 1999 2807 heres

46 2879 48 2882 >
148 2844 448 2901 institutas
480 2847 579 2899 aut
608 2847 787 2899 totam
818 2838 1190 2899 hereditatem
1218 2847 1315 2900 aut
1345 2858 1453 2920 pro
1478 2849 1640 2921 parta
1667 2841 1960 2900 restituere
1979 2885 1993 2907 ,

148 2954 225 2993 nn
262 2953 335 2995 ex
372 2940 537 3011 parta
560 2928 745 3005 ,heres
788 2932 1078 2991 institutus
1112 2939 1215 2991 aut
1246 2940 1426 2993 totam
1469 2952 1596 2991 eam
1639 2942 1862 3010 partem
1903 2941 2000 2990 aut

154 3036 377 3107 partem
428 3026 607 3105 partis
656 3026 951 3085 restituere
1000 3033 1232 3103 rogatus
1273 3026 1371 3094 sit;
1427 3044 1564 3083 nam
1611 3033 1664 3082 et
1710 3024 1820 3084 hoc
1866 3042 2000 3082 casu

124 3160 137 3177 t
154 3118 355 3179 eadem
376 3116 673 3178 observari
695 3118 1073 3197 praecipimus,
1096 3136 1222 3197 quse
1249 3118 1310 3175 in
1335 3118 1506 3175 totins
1533 3114 1861 3175 hereditatis
1884 3134 2004 3173 res·

160 3215 421 3289 titutione
448 3211 713 3271 diximus.

234 3298 303 3367 θ’.
336 3310 395 3366 Si
431 3309 583 3387 quis,
626 3326 745 3365 una
782 3304 974 3385 ulique
1016 3324 1075 3364 re
1122 3302 1362 3363 deducta
1400 3306 1516 3363 sive
1558 3310 1839 3384 praccepta
1884 3320 2005 3379 quoe

44 3399 51 3544 ι
732 3422 739 3429 ·
1635 3396 1722 3446 ⁴9.
