2292 3684
382 108 458 153 nx
491 108 634 170 mea
670 108 961 154 nuonncm
997 107 1330 154 ‘tuomum
1364 108 1491 159 oux
1526 108 1766 153 axum.
1885 96 1991 151 705

254 215 323 283 5.
363 212 435 283 Si
469 213 772 286 furiosus
804 222 943 300 est,
1006 212 1463 306 adgnatorum
1499 213 1994 308 gentiliumque

149 328 228 397 in
276 345 366 398 eo
418 327 853 421 pecuniaque
892 328 1043 419 ejus
1093 318 1391 421 potestas
1421 339 1592 400 esto.
1643 366 1741 381 -·-
1769 324 1895 397 Ast
1927 324 1993 397 ei

148 446 390 511 emtes
417 451 551 511 nec
579 438 777 511 escit.

762 628 1055 678 TABULA
1102 629 1377 675 SEXTA.

259 755 330 824 i.
370 754 537 825 Cum
570 769 834 823 nexum
869 754 1072 826 saciet
1098 752 1694 847 mancipiumque,
1731 752 1832 827 uti
1868 752 1996 827 lin—

155 886 309 959 gua
339 864 833 959 nuneupassit,
878 865 973 940 ita
1003 867 1117 957 jus
1151 874 1326 943 esto.

202 976 333 1065 ‚.2.
378 975 453 1050 Si
498 975 619 1067 qui
654 975 727 1047 in
754 975 917 1067 jure
942 998 1229 1049 manum
1261 983 1650 1051 conserunt.

245 1088 329 1157 .3.
360 1085 655 1179 'signum
675 1087 997 1178 junctum
1026 1088 1302 1163 aedibus
1328 1087 1730 1183 vineaeque,
1762 1084 1822 1157 si
1845 1104 2002 1161 eon-

150 1216 394 1291 capeS‚
438 1216 525 1267 ne
558 1196 829 1269 solvito.

266 1303 341 1376 4.
376 1306 809 1406 Quandoque
856 1318 1125 1405 sarpta,
1179 1309 1404 1384 donee
1456 1309 1736 1404 dempta
1766 1315 1994 1381 erunt.

722 1500 1013 1550 TABULA
1060 1502 1445 1551 SEPTIRA.

267 1621 336 1690 ⁴.
374 1658 474 1671 —-
506 1620 783 1693 Hortus.
821 1660 913 1675 —-
950 1620 1360 1697 Heredium.
1395 1663 1490 1675 —
1521 1622 1923 1715 Tugurium.

264 1732 337 1805 2.
370 1772 469 1785 —-
502 1731 573 1803 Si
600 1732 907 1827 jurgant.

266 1844 337 1915 3.
368 1883 467 1896 —
496 1844 577 1943 Si·
606 1866 789 1939 aqua
825 1844 1062 1939 pluvia
1086 1854 1312 1919 nocet.

732 2037 1057 2087 'nunna
1110 2038 1427 2089 OCTAVA.

268 2160 338 2232 1.
374 2160 446 2232 Si
476 2160 862 2235 membrum
891 2162 1115 2259 rupit,
1158 2163 1228 2235 ni
1269 2170 1430 2237 cum·
1465 2180 1550 2231 eo
1579 2157 1796 2255 pacit,
1836 2158 2000 2233 talio

168 2276 343 2343 este.
1995 2322 2004 2327 -

266 2382 338 2456 2.
382 2379 455 2452 Si
505 2379 827 2473 injuriam
879 2381 1055 2454 faxit
1095 2382 1333 2471 alteri,
1391 2380 1636 2476 viginti
1693 2378 2004 2479 quinque

168 2488 331 2563 aeris
368 2510 596 2584 poenae
628 2502 857 2563 sunto.

266 2604 335 2682 3.
372 2620 473 2653 ·-·
504 2601 838 2697 Rupitias.
876 2640 975 2658 --
1002 2601 1291 2678 sarcito.

272 2711 343 2786 4.
366 2752 465 2767 -
482 2712 615 2796 Qui
645 2714 877 2807 fruges
902 2716 1343 2789 excantassit.
1375 2751 1465 2768 —
1490 2712 1686 2789 Neve
1706 2714 2003 2791 alienam

171 2833 477 2917 segetem
514 2824 903 2919 pellexeris.

270 2936 341 3007 5.
382 2936 457 3009 Si
508 2957 652 3011 nox
688 2940 947 3015 furtum
978 2941 1238 3020 factum
1289 2940 1414 3031 sit,
1471 2938 1530 3012 si
1579 2938 1683 3013 im⁴
1725 2937 2000 3028 occisit,

166 3048 324 3139 iure
355 3068 583 3123 caesus
612 3058 787 3123 esto.

275 3162 346 3231 6.
378 3160 451 3231 Si
477 3160 724 3233 adorat
746 3162 930 3234 furto
958 3161 1147 3257 quod
1177 3182 1312 3235 nec
1343 3161 1780 3233 manifestum
1803 3160 2003 3233 esoit.

270 3264 315 3342 7
326 3323 343 3342 .
357 3270 691 3344 Patronus
701 3272 759 3345 si
774 3272 1004 3347 clienti
1015 3272 1334 3352 fraudem
1345 3272 1604 3364 feeerit,
1621 3289 1813 3345 sacer
1825 3280 2002 3343 esto.
