2292 3684
298 124 330 175 6
1062 129 1361 173 ruffinum.

296 239 456 320 adit,
508 260 734 327 nempe
777 238 1149 305 Menenium
1200 238 1506 326 imprimis
1548 241 1608 302 et
1656 236 2120 319 Fronsnrmuu,

297 359 444 420 item
467 353 803 436 Unrmnuu,
832 353 1086 419 PAULUM
1105 358 1168 418 et
1193 350 1674 418 Canusi-narmi.
1704 351 1883 417 Tunc
1902 349 2126 415 horum

290 463 849 556 J’urisprudentium
894 461 1069 531 locos
1121 485 1195 530 ex
1234 461 1464 552 quibus
1503 462 1709 531 hausit
1754 465 2123 552 imperator,

296 580 536 667 quoties
565 596 671 642 eos
714 579 778 641 in
817 575 1143 643 Pandectis
1172 579 1447 664 reperire
1474 581 1599 659 est,
1636 579 1701 641 in
1733 574 1988 643 adversa
2018 594 2131 666 par

296 691 445 778 gina
465 742 480 770 ,
516 690 770 753 minutis
802 710 1049 778 quoque
1080 686 1333 769 litteris,
1364 691 1787 778 opposuimus.

387 797 559 865 Talis
586 795 918 888 apparatus
939 798 1171 866 auxilio
1191 821 1567 891 magnopere
1588 799 1912 890 adjuvatur
1934 800 2131 867 histo·

299 914 428 978 rice
450 913 613 1000 juris
633 911 896 976 Romani
928 914 1255 1001 expositio,

387 1024 914 1089 Justinianearum
969 1025 1429 1090 Institutionum
1492 1029 1723 1090 textum
1773 1045 1847 1090 ex
1896 1022 2133 1114 CuJecii

301 1131 574 1200 editione
603 1133 964 1201 exhibemus
981 1187 996 1216 ,
1032 1133 1289 1202 diversis
1317 1131 1691 1201 lectionibus
1720 1155 1861 1202 raro
1894 1134 2133 1202 admis-

305 1249 389 1312 sis
415 1298 430 1328 ,
481 1267 638 1335 ques
683 1252 791 1315 eut
833 1246 970 1313 Gaii
1017 1251 1327 1337 genuinus
1371 1253 1573 1314 textus
1629 1251 1969 1338 suggessit,
2026 1255 2135 1316 aut

301 1356 754 1426 Schraderians
794 1361 1109 1441 recensio,
1158 1379 1347 1448 quam
1397 1356 1729 1448 diligenter
1776 1379 1920 1426 cnm
1955 1357 2139 1449 Cuju-

301 1473 482 1538 cienu
511 1466 888 1535 contulimus
905 1521 921 1550 ,
958 1467 1390 1558 suppeditavit.

377 1581 516 1648 Gaii
535 1581 954 1649 Institutioues
969 1589 1100 1648 tum
1125 1605 1199 1650 ex
1218 1581 1605 1650 Lachmanni
1624 1581 1895 1649 editione
1920 1583 2135 1672 (quam

305 1699 373 1763 in
405 1701 622 1761 nostre
651 1692 1058 1762 translatione
1091 1699 1182 1784 (1)
1224 1693 1593 1785 plerumque
1632 1699 1825 1762 secuti
1854 1699 2092 1784 sumus)
2115 1747 2134 1779 ,

307 1815 436 1874 tum
458 1829 536 1874 ex
552 1811 883 1875 recentiori
903 1808 1249 1898 Boeckingii
1273 1807 1546 1875 editione
1568 1807 1963 1898 proferimus.
1990 1814 2139 1876 Res-

303 1923 656 2002 titutiones,
701 1940 738 1987 u
781 1917 1039 1987 diversis
1079 1918 1427 1986 editoribus
1466 1925 1849 2011 propositas,
1896 1943 2026 1988 non
2067 1925 2135 1989 in

307 2035 507 2115 notis,
557 2038 624 2098 ut
665 2035 890 2120 saepius
927 2029 1026 2112 fit,
1065 2031 1471 2121 reliquimus,
1506 2031 1617 2099 sed
1658 2055 1797 2123 quoe
1836 2033 2135 2123 probabi-

305 2144 494 2212 liores
533 2144 711 2211 nobis
757 2148 904 2210 visae
945 2152 1123 2225 sunt,
1176 2149 1303 2211 imo
1350 2152 1411 2211 et
1458 2167 1611 2235 quus
1643 2148 1891 2235 ipsimet
1935 2153 2139 2213 tentu-

305 2260 540 2337 vimus,
593 2255 892 2323 audenter
932 2259 999 2322 in
1041 2263 1272 2324 textum
1316 2260 1697 2347 recepimus,
1753 2279 1833 2324 ne
1884 2255 2140 2324 studen-

307 2373 462 2434 tium
487 2370 720 2448 nnimi,
767 2365 920 2433 dum
962 2371 1029 2434 in
1061 2372 1225 2434 notis
1264 2375 1613 2458 quoererent
1658 2391 1795 2458 quae
1832 2367 1909 2434 ad
1942 2375 2141 2435 textus

307 2480 564 2548 lacunas
594 2477 928 2570 explendas
964 2479 1268 2569 proficere
1299 2487 1579 2570 possent,
1618 2485 1884 2548 nimium
1912 2480 2143 2549 distra-

311 2591 626 2660 herentur.

398 2704 714 2787 Lucunss,
751 2726 888 2794 quae
913 2703 1233 2794 inexpletas
1258 2712 1612 2795 supersunt,
1649 2713 1774 2773 tem
1798 2705 2138 2797 longiores,

307 2841 496 2912 quam
537 2819 885 2904 breviores,
927 2824 1179 2910 punctis
1214 2821 1641 2890 indicavimus.
1680 2823 1871 2890 Voces
1902 2830 2009 2890 sut
2034 2845 2149 2891 vo-

309 2954 454 3000 cum
495 2940 701 3023 partes
729 2956 867 3024 quoe
895 2933 993 3002 vel
1025 2939 1275 3032 incertae
1304 2942 1479 3019 sunt,
1517 2934 1613 3002 vel
1642 2935 1824 3004 certus
1850 2936 2103 3026 quidem
2122 2990 2139 3020 ,
2266 2969 2268 2976 ·

309 3044 419 3113 sed
454 3050 538 3112 ite
569 3048 636 3113 in
663 3045 1066 3137 palimpsesto
1095 3047 1311 3116 codice
1336 3047 1517 3116 elutae
1538 3049 1638 3115 vel
1658 3071 1885 3132 ernsae,
1921 3056 1989 3116 ut
2007 3053 2145 3139 jam
2264 3103 2266 3120 ,

375 3301 450 3364 (Ι)
484 3303 721 3353 Instituta
739 3304 796 3351 de
817 3303 958 3355 Gaius
976 3305 1201 3353 tradnites
1218 3319 1304 3370 pur
1320 3306 1373 3356 C.
1402 3307 1454 3356 Δ.
1476 3303 1639 3365 pellat,
1662 3307 1800 3356 184⁴.
