2292 3684
279 118 386 174 496
422 130 539 172 can
567 129 713 172 rust.
739 128 794 170 c.
817 127 904 182 ιιι,
929 109 994 184 §5
1019 111 1176 170 ⁴594
1190 113 1279 170 6⁴.
1318 125 1505 170 onata.
1528 129 1603 172 ax
1624 129 1789 174 com.
1818 129 2114 174 consensu.

365 258 549 320 Gaius,
575 255 663 308 lib.
693 257 764 306 Π
789 258 985 306 Rerum
1013 253 1483 320 quotidianarum,
1507 269 1598 308 scu
1622 259 1914 310 Aureorum
1932 259 2025 324 (ι).

343 359 441 410 Sed
469 358 710 410 Proculus
736 357 870 408 recte
905 369 1022 408 eum
1049 369 1213 422 usque
1240 357 1305 408 ad
1341 358 1561 421 pretium
1598 359 1846 412 statutum
1886 361 2119 413 acturum

275 439 551 492 existimat.
577 439 706 496 Quoe
727 435 972 490 sententia
997 449 1122 486 saue
1152 435 1411 498 benignior
1434 438 1532 489 est.

361 549 524 601 150.
560 537 666 598 Sed
691 545 841 596 reete
868 556 1096 617 quoque
1133 545 1591 598 consummatum
1628 537 1963 601 mandatum
1984 584 2004 610 ,
2032 542 2118 616 si,

279 631 416 692 dum
443 629 629 690 adhuc
655 631 874 709 integra
901 647 992 691 res
1019 631 1116 702 sit,
1150 638 1469 715 revocatam
1498 629 1698 702 fuerit,
1730 634 2031 696 evanescit.

361 735 529 788 leo:
561 726 732 794 Item,
765 724 813 784 si
843 720 1030 782 adbuc
1055 723 1276 803 integro
1308 723 1579 786 mandato
1607 744 1765 784 mors
1792 724 2123 787 alterutrius

278 817 518 896 alicujus
543 815 908 886 interveniat,
939 812 996 872 id
1017 824 1124 886 est,
1151 812 1239 874 vel
1266 815 1387 896 ejus
1411 817 1507 896 qui
1532 815 1844 889 mandarit,
1882 817 1969 878 vel
1992 821 2123 896 ejus

279 913 380 993 qui
396 910 728 972 mandatum
753 908 1084 988 susceperit,
1105 905 1340 968 solvitur
1356 908 1707 972 mandatum.
1728 909 1837 970 Sed
1865 909 2125 971 utilitatis

277 1025 450 1066 eausa
475 1011 766 1085 receptum
787 1010 869 1062 cst
889 1002 1021 1078 [ut]‚
1047 1001 1097 1060 si
1117 1008 1343 1062 mortuo
1366 1021 1433 1062 eo
1454 1004 1553 1081 qui
1576 1001 1717 1060 mihi
1740 1002 2117 1076 mandaverit,

273 1100 546 1179 ignorans
567 1116 700 1158 eum
718 1095 1046 1166 decessisse,
1068 1101 1360 1154 exsecutus
1382 1093 1545 1154 fuero
1566 1094 1927 1168 mandatum,
1951 1115 2123 1176 posse

276 1213 369 1254 me
413 1211 579 1276 agere
618 1189 872 1252 mandati
915 1191 1164 1258 actione;
1208 1186 1459 1268 alioquin
1494 1190 1649 1268 justa
1694 1197 1751 1248 et
1798 1189 2123 1270 probabilis

277 1287 600 1368 ignorantia
625 1284 901 1344 damnum
928 1281 1072 1342 mihi
1093 1279 1359 1342 adferret.
1384 1282 1456 1340 Et
1482 1281 1615 1341 huic
1640 1281 1825 1344 simile
1850 1292 1934 1346 est
1964 1283 2122 1364 quod

275 1379 562 1460 plerisque
585 1376 822 1459 placuit,
851 1376 902 1434 si
927 1373 1153 1435 debitor
1175 1393 1335 1434 meus
1362 1376 1712 1434 manumisso
1740 1374 2125 1456 dispensatori

275 1492 402 1532 meo
429 1491 534 1552 per
558 1471 942 1551 ignorantium
971 1465 1231 1537 solverit,
1254 1464 1489 1526 liberari
1514 1485 1675 1538 οπως
1698 1487 1829 1528 cum
1854 1467 2123 1548 alioquin

277 1567 469 1627 stricta
489 1565 638 1644 juris
675 1566 892 1624 ratione
921 1581 1036 1623 non
1067 1567 1259 1642 posset
1297 1557 1532 1620 liberari
1572 1579 1640 1622 eo
1676 1561 1831 1643 quod
1866 1561 1961 1622 alii
1998 1562 2123 1624 sol-

274 1663 444 1720 visset
472 1679 644 1740 quam
671 1659 767 1717 cui
794 1655 1009 1716 solvere
1035 1653 1282 1715 deberet.

358 1765 521 1815 181.
557 1753 702 1813 Cum
741 1759 930 1811 autem
974 1751 1022 1808 is
1064 1751 1157 1808 cui
1197 1755 1347 1808 reete
1391 1747 1810 1821 mandaverim,
1852 1769 2121 1832 egressus

277 1849 448 1908 fuerit
467 1845 822 1918 mandatum,
850 1864 954 1926 ego
978 1842 1206 1924 quidem
1232 1849 1465 1903 eatenus
1490 1863 1622 1904 eum
1650 1863 1716 1904 eo
1744 1841 1929 1904 habeo
1955 1866 2125 1906 man-

275 1942 392 2003 dati
419 1943 698 2001 actionem
715 1984 732 2012 ,
773 1947 1052 2019 quatenus
1079 1955 1209 1996 mea
1234 1936 1467 1996 interest
1490 1935 1760 2017 implesse
1786 1957 1917 1998 eum
1944 1959 2124 2000 man-

276 2034 499 2107 datum,
532 2035 580 2093 si
615 2031 786 2092 modo
827 2028 1066 2111 implere
1103 2029 1351 2109 potuerit
1382 2050 1395 2087 :
1436 2037 1493 2088 at
1536 2027 1635 2088 ille
1677 2047 1903 2090 mecum
1950 2050 2125 2112 agere

275 2148 391 2190 non
420 2135 625 2209 potest.
655 2126 850 2206 ltaque
877 2126 926 2183 si
953 2122 1342 2183 mandaverim
1369 2121 1476 2181 tibi
1503 2131 1567 2183 ut
1593 2121 1752 2184 verbi
1780 2127 1963 2206 gratia
1986 2125 2125 2186 sun-

275 2219 412 2279 dum
435 2217 576 2280 mihi
599 2217 866 2277 sestertiis
895 2214 936 2274 C
965 2234 1205 2290 emeres,
1227 2221 1287 2297 tu
1316 2217 1593 2276 sesterti-is
1619 2214 1708 2274 CL
1734 2219 1964 2291 emeris,
1992 2237 2119 2280 nou

275 2313 513 2376 habebis
540 2332 765 2373 mecum
792 2309 1046 2370 mandati
1067 2312 1367 2380 actionem,
1389 2311 1611 2370 etiamsi
1637 2313 1779 2370 tanti
1804 2310 1940 2373 velis
1968 2313 2121 2372 mihi

275 2409 410 2469 dare
447 2404 723 2477 fundum,
767 2405 966 2486 quanti
1007 2402 1312 2464 emendum
1350 2397 1466 2461 tihi'
1490 2390 1849 2464 mandassem
1882 2427 1895 2462 :
1940 2404 2121 2487 idque

274 2503 518 2563 maxime
548 2499 759 2560 Sabino
788 2506 842 2557 et
867 2497 1058 2557 Cassio
1089 2495 1320 2577 placuit.
1346 2494 1509 2570 Quod
1536 2499 1584 2556 si
1609 2499 1847 2557 minoris
1876 2503 2118 2572 emeris,

273 2592 514 2654 habebis
553 2611 777 2653 mecum
817 2587 1025 2650 scilicet
1065 2590 1375 2662 actionem,
1406 2591 1541 2670 quia
1579 2591 1678 2671 qui
1714 2589 1952 2650 mandat
1975 2600 2043 2650 ut
2074 2593 2119 2652 C

272 2686 526 2747 millibus
551 2693 850 2756 emeretur,
883 2685 932 2743 is
967 2684 1163 2762 utique
1200 2679 1472 2742 mandare
1506 2681 1840 2765 intelligitur
1875 2685 1957 2742 uti
1996 2687 2118 2743 mi-

273 2782 428 2841 noris
444 2827 460 2854 ,
485 2781 540 2840 si
566 2787 786 2859 posset,
819 2784 1123 2836 emeretur.

338 3309 404 3374 (1)
433 3311 544 3368 LA,
573 3309 655 3364 D„
681 3307 779 3356 eod.

2266 5 2269 152 ῐ
