2292 3684
858 135 931 178 or.
966 135 1316 180 usuruucru.
1616 197 1631 204 ἱ
1685 169 1690 176 .
1905 129 2010 182 893

158 238 461 299 usufructu
489 243 809 321 proprietas
834 240 1074 322 legetur.
1106 241 1218 302 Per
1241 243 1302 302 in
1325 243 1458 323 jure
1482 244 1796 304 cessionem
1821 252 2014 304 sutem

156 328 247 390 vel
260 330 481 410 judicio
506 330 738 392 familie
767 333 1110 393 erciscundae
1138 354 1256 394 non
1285 355 1482 415 possc3
1503 355 1614 416 per
1639 338 2014 417 mancipatio-

156 443 292 484 nem
319 426 401 484 its
429 433 639 505 potest,
682 435 744 486 ut
788 447 894 486 nos
927 431 1363 509 proprietatem,
1410 449 1536 509 quae
1570 429 1686 490 illis
1721 431 2008 511 mancipio

154 519 291 578 dats
320 523 453 594 (sit),
486 519 724 581 deducto
750 522 1048 583 usufructu
1078 525 1558 606 remancipemus.

236 623 358 673 δ’.
392 613 815 674 usumfructum
848 614 921 674 ad
958 623 1176 676 certum
1214 624 1438 696 tempus
1479 619 1848 678 constitutum
1875 638 2010 680 cum

153 706 471 786 adjectione
506 709 781 789 temporis
825 708 1103 770 vindicari
1138 708 1361 771 debere.
1402 711 1699 772 Diversum
1735 720 1820 771 est
1859 713 1908 772 si
1946 714 2010 772 in

150 807 305 858 statu
332 798 519 860 libero
556 801 895 860 constitutus
938 803 1009 861 sit
1038 823 1052 861 e
1084 811 1223 863 tunc
1259 803 1411 862 enim
1445 822 1597 882 pure
1633 803 2006 864 vindicandus

151 898 266 965 est,
296 892 441 952 sicut
482 911 625 973 pure
660 892 977 954 vindicatur
1017 895 1119 974 qui
1153 893 1483 975 simpliciter
1517 897 1851 956 constitutus
1891 905 2006 968 est,

150 1003 275 1044 non
297 983 529 1065 adjectis
555 983 813 1061 casibus,
846 985 1051 1066 quibus
1078 985 1220 1047 solet
1247 989 1428 1046 amitti
1454 987 1800 1048 usufructus.

234 1089 359 1141 58.
383 1080 543 1140 ltemz
574 1080 632 1140 si
664 1078 778 1160 (de)
813 1078 981 1141 altius
995 1080 1250 1141 tollendo
1277 1090 1406 1164 aget
1431 1083 1480 1140 is
1509 1083 1609 1162 qui
1633 1085 1696 1140 in
1709 1063 2006 1142 infinitum
2057 1123 2080 1139 .

150 1171 389 1232 tollendi
409 1173 508 1252 jus
536 1192 653 1233 non
679 1171 872 1247 habet,
904 1175 952 1233 si
970 1193 1086 1234 non
1110 1174 1724 1258 expresseritmodum‚
1756 1174 1888 1255 plus
1910 1195 2008 1255 pe-

152 1264 325 1325 tendo
358 1285 531 1326 causa
560 1266 736 1340 cudit,
766 1269 931 1349 quusi
957 1268 1266 1329 intenderit
1285 1269 1382 1348 jus
1417 1268 1526 1328 sihi
1557 1289 1680 1329 esse
1711 1271 1773 1328 in
1803 1269 2002 1328 infini-

153 1369 275 1420 tum
305 1361 521 1423 tollere.
766 1429 783 1442 ,

230 1465 353 1516 54.
384 1456 541 1516 Sicut
563 1455 749 1537 legato
788 1456 1087 1516 usufructu
1124 1456 1235 1518 loci
1268 1459 1391 1518 sine
1425 1459 1692 1518 servitute
1717 1460 1826 1520 iter
1857 1477 2004 1539 quo-

152 1567 264 1629 que
290 1567 395 1627 per
420 1548 547 1609 loco
577 1549 857 1608 testatoris
884 1547 1155 1623 debetur,
1184 1552 1264 1610 ita
1290 1551 1354 1609 in
1381 1549 1514 1632 jure
1529 1569 1694 1612 cesso
1721 1551 1828 1610 iter
1856 1569 2006 1631 quo-

152 1663 265 1724 que
289 1644 571 1704 contineri
608 1644 881 1704 Neratius
899 1643 1118 1707 scribit.

228 1746 347 1806 55.
377 1736 739 1798 Ususfructus
776 1739 898 1797 siue
935 1757 1181 1817 persona
1215 1757 1338 1798 esse
1383 1758 1502 1798 non
1543 1745 1750 1819 potcst3
1785 1745 1842 1797 et
1875 1737 2004 1798 ideo
2027 1807 2040 1816 ,

150 1849 347 1890 servus
370 1829 748 1890 hereditarius
774 1829 1499 1890 inutiliter-usumfructum
1527 1829 1835 1912 stipulatur
1865 1850 1878 1888 ε
1919 1829 2004 1889 lea

148 1924 273 2004 gari
292 1932 487 1984 autem
504 1924 555 1983 ei
574 1943 743 2005 posse
768 1922 991 1998 dicitur,
1014 1926 1150 2004 quia
1173 1923 1296 1984 dies
1316 1925 1440 2004 ejus
1463 1943 1582 1984 non
1611 1923 1757 1984 cedit
1783 1925 1998 1996 statim3

147 2015 440 2099 stipulatio
470 2025 660 2078 autem
696 2038 845 2099 pura
870 2016 1142 2099 suspendi
1175 2038 1290 2079 non
1327 2026 1530 2100 potest.
1569 2018 1716 2090 Quid
1755 2037 1922 2098 ergo,
1955 2017 2004 2077 si

148 2111 259 2172 sub
288 2111 613 2172 conditione
643 2109 985 2193 stipuletur?
1020 2110 1312 2172 videamus
1339 2131 1414 2172 ne
1439 2131 1545 2171 nec
1579 2110 1692 2170 hoc
1727 2130 1860 2170 casn
1901 2131 2002 2170 va-

146 2206 285 2281 leat,
319 2208 459 2287 quia
484 2227 555 2267 ex
572 2208 835 2287 proesenti
863 2208 1009 2266 vires
1038 2207 1242 2286 accipit
1271 2204 1587 2286 stipulatio,
1613 2205 1870 2284 quamvis
1899 2223 2002 2284 pe-

149 2305 271 2362 titio
286 2321 355 2363 ex
382 2323 451 2362 eu
478 2321 756 2383 suspensa
786 2303 873 2363 sit.

226 2404 347 2455 5⁶.
380 2395 541 2456 Item.
575 2395 747 2454 Servo
774 2397 865 2454 via
892 2393 1173 2454 inutiliter
1199 2392 1454 2474 legatur:
1478 2393 1782 2474 stipulatur
1808 2399 2000 2454 autem

142 2505 273 2546 eam
300 2485 542 2559 utiliter,
574 2489 625 2546 si
650 2487 915 2548 dominus
944 2485 1187 2546 fundum
1216 2484 1442 2545 habeat.

224 2589 349 2642 ὅθ.
382 2581 742 2642 Ususfructus
783 2581 855 2642 do
883 2581 1009 2664 lego
1038 2599 1202 2640 servo
1229 2579 1446 2660 legatus
1471 2586 1658 2638 morte
1691 2587 1746 2638 et
1775 2577 2001 2656 alienu-5

142 2677 302 2735 tione
330 2677 479 2736 servi
514 2679 687 2756 perit3
733 2679 797 2759 si·
818 2674 1129 2756 stipulatur
1147 2719 1164 2748 ‚
1196 2695 1312 2735 non
1350 2675 1520 2755 perit.
1562 2673 1741 2754 Igitur
1773 2680 1830 2732 et
1869 2681 2002 2754 post

142 2777 389 2828 mortem
416 2788 612 2842 suum,
645 2771 787 2831 sicut
815 2775 1029 2840 cetera,
1066 2767 1488 2830 usumfructum
1513 2785 1708 2826 servus
1737 2765 1999 2847 stipulari

144 2870 360 2944 potest3
386 2863 540 2944 quod
567 2863 730 2924 aliter
756 2871 842 2924 cst
865 2864 925 2922 in
956 2861 1178 2944 legatis.

225 2965 347 3016 50.
377 2955 435 3017 Si
472 2957 640 3017 heres
666 2955 829 3016 fundi
861 2957 1025 3036 cujus
1060 2953 1418 3014 ususfructus
1456 2953 1532 3012 ab
1559 2953 1686 3033 ipso
1715 2951 1824 3040 suli
1851 2971 1996 3014 con-

142 3049 363 3110 ditione
388 3049 606 3132 legatus
636 3053 726 3126 sit,
759 3050 1178 3110 usumfructum
1205 3047 1482 3128 legaverit
1515 3092 1528 3107 .
1574 3091 1588 3106 .
1646 3091 1660 3105 .
1707 3093 1720 3106 .
1841 3095 1858 3108 .
1909 3095 1923 3108 .
1978 3094 1991 3107 .
2115 3053 2128 3066 ’

143 3145 427 3205 existente
462 3165 531 3204 ea
565 3143 771 3205 desinit
806 3144 877 3205 ad
917 3145 1290 3225 posteriorem
1333 3143 1616 3223 pertinere
1657 3185 1926 3201 .....
1985 3187 2002 3203 .

144 3235 379 3298 desierit
422 3236 637 3299 habere
678 3237 1096 3298 usumfructum
1157 3278 1994 3297 ..............

144 3331 287 3391 Item
316 3333 382 3391 dc
418 3331 469 3390 si
513 3335 639 3412 quis
668 3331 1090 3391 usumfructum
1132 3373 1601 3392 ........
1623 3423 1654 3476 5
1649 3371 1996 3389 ......

1660 3425 1710 3477 0.
1915 3427 1974 3477 Ο
