2292 3684
221 167 376 210 msr.
405 165 558 212 rus-r.
597 169 654 212 1..
683 169 733 225 1,
771 170 827 212 r.
859 171 922 213 11.
961 170 1034 214 us
1061 170 1197 214 mss
1224 169 1379 230 sm,
1408 169 1571 215 sm.
1604 171 1677 215 ar
1702 173 1814 216 civ.
1880 157 1939 216 22

88 272 422 333 sauciando
459 258 664 350 causa,
698 291 922 357 aequum
957 275 1140 337 visum
1176 281 1263 337 est
1300 284 1557 337 senatum
1596 279 1715 338 vice
1752 276 1951 358 populi

91 367 354 431 consuli.

155 995 252 1054 t.
302 989 416 1054 Sed
445 997 504 1051 et
543 989 698 1072 quod
731 992 976 1073 principi
1013 991 1251 1074 placuit,
1290 991 1432 1075 legis
1458 989 1637 1053 habet
1664 991 1949 1075 vigorem

97 1104 238 1146 cum
269 1085 398 1167 lege
425 1087 614 1170 regia,
646 1105 772 1167 quae
811 1086 882 1147 de
910 1089 1034 1167 ejus
1067 1089 1311 1168 imperio
1344 1085 1461 1148 lata
1486 1096 1597 1160 est,
1628 1087 1875 1170 populus
1903 1089 1958 1150 ei

101 1180 255 1238 etin
293 1197 431 1238 eum
471 1197 643 1239 omne
668 1179 975 1258 imperinm
1013 1199 1181 1240 suum
1210 1189 1263 1240 et
1304 1189 1636 1262 potestatem
1663 1181 1951 1241 concessit.

99 1269 526 1352 Quodcumque
547 1289 682 1353 ergo
711 1271 1022 1354 imperator
1051 1293 1154 1352 per
1181 1273 1480 1354 epistolam
1508 1273 1844 1346 constitutit,
1870 1267 1959 1332 vel

101 1383 462 1445 cognosceus
494 1359 890 1436 decrevit‚.vel
919 1363 1102 1426 edicto
1135 1367 1426 1446 praecepit,
1454 1363 1637 1446 legem
1666 1385 1787 1426 esse
1820 1385 1959 1426 con-

103 1467 253 1528 stan
281 1457 372 1518 hoe
395 1467 532 1518 sunt
555 1478 684 1540 quae
711 1461 1136 1520 constitutiones
1165 1459 1539 1540 appellantur.
1574 1460 1748 1520 Plane
1775 1481 1845 1520 ex
1872 1457 1960 1518 his

44 1548 382 1630 „quadam
405 1558 542 1610 suut
567 1551 897 1632 personales
913 1595 930 1626 ,
969 1572 1094 1634 que
1123 1571 1229 1613 nec
1270 1551 1343 1611 ad
1370 1551 1692 1632 exemplam
1720 1551 1959 1610 trahun-

101 1651 238 1718 tur,
279 1645 556 1724 quoniam
595 1663 712 1704 nou
753 1643 862 1705 hoc
903 1647 1172 1727 princeps
1217 1644 1361 1717 vult;
1412 1665 1551 1704 nam
1588 1644 1747 1726 ,quod
1792 1642 1961 1704 alicui

105 1736 188 1796 ob
234 1737 446 1796 merita
487 1733 754 1811 indulsit,
800 1735 892 1797 vel
928 1737 976 1798 si
1024 1738 1116 1798 cui
1166 1757 1396 1818 poeuam
1430 1736 1727 1818 irrogavit,
1777 1733 1867 1797 vel
1890 1735 1963 1816 ‘si

109 1831 208 1890 cui
247 1831 372 1890 siue
417 1828 678 1910 exemplo
716 1827 1002 1906 subvenit,
1034 1851 1340 1913 personam
1379 1852 1494 1890 non
1524 1828 1957 1911 transgreditur.

107 1924 256 1983 Aliae
283 1933 506 1998 autem,
535 1945 666 1986 cum
701 1924 992 2008 generales
1021 1928 1165 2002 siut,
1206 1945 1401 1986 omnes
1432 1923 1628 2006 procul
1666 1923 1841 1986 dublo
1877 1932 1963 1984 te-

107 2025 272 2079 nent

196 2133 268 2186 ¹8.
315 2121 630 2184 Praetorum
673 2137 898 2204 quoque
939 2117 1121 2182 edicta
1155 2141 1273 2182 non
1310 2117 1589 2182 modicam
1622 2118 1773 2200 juris
1811 2117 1965 2178 obti-

108 2223 258 2277 nent
285 2218 694 2275 auctoritatem.
725 2213 848 2274 Hoc
867 2214 1036 2274 etiam
1058 2213 1156 2293 jus
1182 2211 1557 2274 honorarium
1584 2210 1830 2272 solemus
1860 2229 1963 2291 ap-

111 2307 366 2392 pellare,
411 2308 565 2392 quod
605 2307 706 2391 qui
735 2307 1019 2370 honorem
1065 2303 1299 2390 gerunt,
1348 2308 1407 2367 id
1449 2317 1531 2370 est
1570 2307 1961 2390 magistratus,

115 2403 520 2464 auctoritatem
559 2401 694 2463 huic
732 2403 852 2484 juri
898 2401 1193 2463 dederunt.
1236 2400 1639 2481 Proponebaut
1682 2407 1737 2460 et
1780 2398 1965 2459 aediles

115 2497 348 2565 curules
375 2496 622 2558 edictum
648 2496 719 2556 de
735 2496 1096 2580 ,quibusdam
1131 2497 1345 2574 causis,
1370 2495 1524 2579 quod
1552 2495 1796 2560 edictum
1815 2496 1964 2576 juris

117 2591 424 2656 honorarii
447 2593 638 2674 portio
657 2598 760 2654 est.

205 3151 278 3206 Θ.
324 3139 624 3222 Responsa
661 3129 1027 3221 prudentium
1073 3141 1207 3196 suut
1243 3134 1529 3197 sententiae
1574 3127 1629 3196 'et
1674 3129 1969 3214 opiniones
