2292 3684
226 180 243 205 ,
304 116 411 173 est
896 124 1236 172 suumn
1267 124 1562 171 vanem.

301 250 393 290 res
434 174 762 311 inquietari,
800 228 900 289 sed
934 230 1160 289 actione
1190 226 1460 290 fiducia.
1505 274 1521 289 .
1579 274 1593 287 .
1641 272 1656 289 .
1709 276 1722 289 .
1773 272 1789 289 .
1835 272 1851 287 .
1902 271 1918 288 .
1976 276 1993 289 .
2059 276 2076 291 .
2139 277 2152 290 .

302 322 530 386 Valerio
554 322 652 383 111.
686 330 741 383 et
766 318 1035 383 Gallieno
1064 323 1144 384 ῙῙ.
1177 338 1356 384 conss.
1389 320 1582 401 (255.)

384 441 501 493 10.
552 427 840 491 Gallienus
888 428 1017 510 Aug
1020 470 2152 491 ..................

302 522 653 607 pupillorum
680 542 716 581 a
742 520 1121 583 creditoribus
1163 564 1962 585 .............
1999 540 2156 584 reeo—

300 619 419 681 cari
446 616 605 677 nullo
632 623 895 697 possunt.
924 616 985 676 Si
1012 616 1186 697 igitur
1208 616 1314 675 ahs
1320 660 2151 679 ..............
2147 690 2158 701 .

303 714 421 772 nita
454 720 653 772 contra
692 710 1077 772 venditionem
1115 729 1152 770 a
1189 710 1438 772 creditor
1483 750 2150 774 ...........
2276 708 2277 771 ζ

300 806 397 885 qui
422 804 731 885 inquietari
756 812 813 864 te
839 803 902 863 in
930 804 1286 884 possessione
1288 844 1820 865 .........
1865 802 2156 865 saeculari

302 898 369 959 ll.
402 906 459 959 et
484 896 707 959 Donato
734 918 922 962 conss.
958 894 1152 978 (mo.)

380 1000 1668 1085 w....periculumin0fi1iumspe.
1727 1047 1741 1062 .

299 1094 576 1156 auxilium
606 1116 722 1156 non
761 1103 947 1176 potest
979 1094 1254 1176 denegari
1296 1140 2013 1157 ............
2047 1117 2150 1178 pe-

297 1192 527 1271 cuniam
553 1189 926 1251 creditoribus
955 1210 982 1249 s
1026 1232 2142 1253 ..................

298 1282 512 1346 habere
540 1302 658 1343 non
687 1285 873 1365 potuit
902 1284 964 1342 in
996 1302 1129 1363 poss
1175 1325 1889 1343 ............
1939 1298 1956 1343 ·.
2005 1330 2020 1345 .
2067 1332 2083 1345 .
2128 1331 2142 1346 .

300 1387 357 1437 et
388 1397 721 1450 usurarum,
756 1378 893 1459 quia
933 1378 991 1437 in
1029 1394 1300 1438 commun
1347 1419 2142 1441 .............

298 1470 412 1531 kal.
445 1470 632 1532 Juliis.
669 1470 951 1531 Viminaci
988 1515 1005 1559 .·
1052 1516 1067 1531 .
1120 1516 1135 1531 .

232 1620 243 1629 ›
377 1588 494 1639 nl.
526 1575 819 1637 Gallienus
846 1574 971 1657 Aug
976 1620 1960 1640 ................
2003 1578 2142 1640 alie-

296 1670 500 1730 nandoe
527 1690 644 1731 non
674 1678 826 1731 sunt.
856 1669 1054 1731 Aditus
1082 1672 1268 1753 itaque
1303 1714 2136 1737 ..............

296 1762 529 1823 cedente
543 1782 575 1823 e
584 1763 845 1844 jussione
869 1763 967 1843 qni
1015 1807 2132 1829 ..................

17 1858 21 1941 ᾗ
296 1856 359 1915 Ρ.
399 1856 457 1917 Ρ.
495 1855 583 1915 lX.
614 1854 729 1915 kal.
761 1854 903 1915 Nov.
930 1854 1156 1917 Patavii
1201 1902 1216 1915 .
1268 1900 1344 1927 .,.

374 1973 488 2023 no.
514 1960 895 2023 Diocletianus
932 1972 988 2023 et
1028 1962 1413 2023 Maximianus
1434 1960 1540 2023 ΔΑ
1546 2007 2134 2028 ..........

297 2055 669 2115 cessationem
698 2052 1063 2115 collationum
1090 2099 2132 2119 .................

296 2167 429 2207 vera
456 2146 566 2207 fide
594 2148 938 2228 comparasti
968 2154 1022 2206 et
1049 2145 1304 2209 venditio
1344 2191 2129 2211 .............

299 2240 443 2301 saeta
472 2238 709 2301 convelli
738 2259 855 2300 non
883 2238 1043 2301 debet
1084 2283 1099 2301 .
1149 2286 1164 2301 .
1215 2286 1228 2301 .

17 2364 19 2411 ι
371 2356 488 2409 υ.
521 2346 901 2407 modenana„
928 2356 983 2407 et
1005 2345 1272 2409 Aureum
1293 2310 1695 2409 mammem
1717 2346 1847 2409 ΛΑ.
1871 2349 2131 2414 Leontio.

296 2438 451 2500 Cum
496 2442 737 2519 speciem
781 2438 1079 2501 venditam
1118 2437 1386 2501 violentia
1430 2438 1608 2519 ignis,
1653 2441 1753 2521 qui
1795 2461 1954 2504 nnnc
2003 2464 2132 2525 per-

295 2552 402 2614 poc
440 2576 783 2595 ......
830 2530 1191 2613 absumptam
1231 2529 1412 2605 dicas,
1455 2532 1504 2590 si
1545 2532 1926 2595 venditionem
1972 2537 2130 2599 nulla

288 2627 537 2689 conditio
556 2624 955 2707 παρανιᾶσι-αι,
974 2626 1198 2687 amissa
1213 2627 1301 2687 ra·
1312 2622 1638 2705 periculum
1663 2634 1718 2687 te
1745 2646 1866 2688 non
1893 2628 2128 2691 adstrin-

290 2728 402 2801 get.
434 2722 539 2782 PP.
592 2766 605 2779 .
648 2766 663 2783 .

369 2836 483 2888 Μ.
516 2824 901 2887 Diocletianus
941 2824 1174 2887 Claudia
1211 2868 2114 2893 ...............

290 2921 533 3002 emptori
560 2920 877 2981 indemnita
906 2964 1740 2985 ..............
1785 2910 1806 2985 ἶ
1851 2966 2114 2994 .....

17 3014 21 3115 ξ
186 3054 207 3071 ·
286 3020 699 3099 possessiouem
732 3018 1019 3079 venditam
1056 3037 1180 3081 esse
1211 3042 1294 3082 coe
1335 3062 2114 3086 .............

282 3130 351 3171 ex
390 3110 658 3192 qualitate
697 3113 781 3171 rei
820 3111 1029 3192 pet-<loc
1075 3158 1720 3177 ...........
1747 3114 2116 3181 Diocletiano

282 3203 348 3262 ll.
376 3214 431 3265 et
456 3202 777 3275 Aristobolo
802 3224 985 3265 conss.
1018 3206 1218 3283 (285.)

356 3318 469 3368 95.
546 3305 847 3369 Gallienus
914 3309 965 3370 A
972 3351 1316 3372 ......
1359 3313 1472 3371 tioo
1535 3312 1952 3393 possessionem
2008 3334 2110 3395 ps-
