2292 3684
329 103 361 155 8
1095 108 1396 153 emulo-

329 238 486 307 quns
514 238 590 283 ex
611 214 938 283 Pandectis
959 222 1255 283 eruerunt
1272 211 1529 304 quidam
1546 212 1837 297 editores,
1866 237 1980 285 nos
1998 221 2161 286 omi·

329 332 546 397 simus.

413 443 723 509 Locorum
752 439 832 508 ad
853 443 958 531 ius
979 442 1424 530 pertinentium
1440 491 1456 521 ‚
1485 462 1641 531 quos
1656 439 1989 509 Dositheus
2015 442 2165 510 rhe-

327 564 428 625 tor
455 577 529 622 ex
569 553 763 621 latino
802 556 872 620 in
910 575 1185 644 graeeum
1213 552 1645 637 transtulerat,
1678 558 1927 645 etipse,
1964 561 2034 623 ut
2064 560 2167 624 vi-

327 669 538 749 detur,
575 690 792 735 rursus
823 689 898 733 ex
941 689 1144 757 groeeo
1172 671 1239 733 in
1279 666 1543 734 latinum
1581 674 1847 735 verterat
1866 722 1883 751 ,
1929 675 2161 737 textum

325 776 598 874 graecum
624 784 1032 862 retinuimus,
1065 784 1173 870 qui
1197 780 1377 846 nobis
1406 779 1709 870 deperditi
1731 780 1911 847 latini
1940 781 2163 849 arche·

326 900 456 986 typi
484 896 622 962 loco
653 903 776 979 est,
815 902 876 961 et
904 892 1301 961 adhibuimus
1330 894 1613 961 Dosithei
1636 894 1897 963 latinam
1922 901 2165 963 versio-

329 1030 508 1090 nem,
561 1006 936 1097 quibusdam
966 1010 1296 1090 correctis,
1334 1006 1713 1100 ubicumque
1744 1008 1809 1075 id
1838 995 2163 1079 contextus

326 1126 486 1189 ratio
515 1120 830 1188 evidenter
855 1119 1241 1211 exposcebat.

415 1234 612 1303 Multo
643 1230 996 1301 uberiorem
1037 1256 1110 1301 ex
1145 1232 1733 1323 jurisconsultorum
1772 1199 1952 1302 libris
1988 1236 2167 1326 frag-

327 1355 682 1416 mentorum
731 1351 978 1437 copiem
1041 1344 1472 1436 complectitur
1515 1354 1800 1415 nostrum
1850 1348 1967 1415 hoe
2021 1351 2165 1417 ΜΔ-

329 1478 524 1529 mmuz
544 1516 559 1545 ,
597 1482 784 1550 quam
817 1467 1024 1528 cetera
1055 1459 1413 1549 hujusmodi
1442 1482 1663 1550 opera,
1696 1469 1768 1528 ut
1796 1460 2005 1529 videre
2028 1470 2157 1545 est,

331 1578 382 1639 si
409 1596 551 1641 cum
583 1572 844 1663 Ecloqis
875 1581 938 1640 et
964 1571 1369 1641 Euchiridiis
1394 1576 1737 1639 notissimis
1760 1572 1823 1639 id
1846 1562 2157 1643 conseras,

329 1684 648 1776 Quidquid
687 1690 855 1753 enim
889 1690 1259 1753 eximiarum
1298 1689 1570 1777 antiquie
1600 1683 1769 1750 illius
1814 1682 2163 1774 prudentiae

329 1800 738 1889 reliquiarum
767 1797 946 1866 nobis
979 1794 1745 1889 undecumque'innotuit,
1776 1796 1999 1887 cupide
2026 1794 2167 1863 col-

325 1910 593 2004 legimus
617 1910 956 2004 seduloque
977 1913 1056 1980 ad
1079 1916 1457 2005 optimarum
1476 1909 1823 1979 editionum
1842 1910 2033 1979 fidem
2054 1934 2163 1980 re·-

330 2030 749 2117 eognovimus.

1420 2157 1484 2229 C.
1524 2160 1595 2229 A.
1641 2158 1969 2229 PELLAT.

416 2433 626 2502 Altera
651 2433 784 2503 haec
813 2432 1004 2503 editio
1032 2434 1269 2525 aliquot
1302 2433 1546 2503 mendis
1572 2440 1835 2525 purgata
1866 2439 1987 2519 est,
2040 2456 2160 2501 no-

327 2569 436 2617 vos
469 2554 669 2615 textus
712 2546 1048 2616 nonnullos
1085 2552 1321 2639 recepit
1350 2555 1411 2629 et
1442 2548 1745 2641 quasdam
1776 2570 1977 2641 nuper
2011 2570 2161 2640 pro·
2200 2576 2203 2579 ⁴

250 2706 254 2711 -
333 2664 566 2750 positas
599 2666 1015 2731 restitutiones
1035 2661 1311 2729 admisit.

1428 2796 1493 2869 C.
1536 2798 1607 2867 A.
1642 2797 1969 2867 PELLAT.
