2292 3684
261 100 268 107 ·
369 93 438 146 48
579 102 696 145 cm
719 58 864 141 msrr.
903 99 954 139 c.
989 97 1039 152 1,
1079 81 1144 153 ἓξ
1170 83 1285 140 2-4.
1326 96 1399 137 nn
1424 96 1559 138 mnu
1583 96 1752 139 cunr.
1784 96 1856 138 ιιι·
1880 96 2000 137 σιν.

739 207 1076 256 Fucinum-mus
1092 237 1106 263 ‚
1135 201 1228 253 lib.
1255 205 1287 253 1
1316 204 1729 254 Institutionum
1750 200 1842 265 (1).

433 300 503 353 Ut
524 298 626 351 vim
655 298 806 363 atque
823 294 1064 358 injuriam
1090 294 1461 357 propulsemus.
1484 296 1611 345 Nam
1630 293 1745 356 iure
1768 292 1870 343 hoc
1898 292 2081 345 evenit
2098 330 2124 357 ,
2168 298 2235 343 ui

375 382 512 445 quod
536 380 750 444 quisque
775 378 841 427 ob
864 376 1074 427 tutelam
1097 374 1317 438 corporis
1346 374 1427 423 sui
1460 373 1665 437 fecerit,
1690 372 1804 435 iure
1828 372 2015 425 fecisse
2040 372 2235 425 exist

375 462 568 524 metur,
603 460 654 509 et
681 451 836 522 qu'um
864 456 999 505 inter
1019 466 1112 504 nos
1150 451 1497 515 cognationem
1520 452 1787 515 qnamdam
1820 453 2005 502 natura
2030 456 2229 505 const

375 539 502 603 tuit,
531 549 843 601 consequens
873 536 978 597 est,
1009 532 1266 584 hominem
1286 530 1478 582 homini
1506 530 1733 581 insidiari
1757 530 1896 582 nefas
1916 544 2059 583 esse.

660 645 1070 694 Hmuocsmums
1086 676 1101 702 ‚
1123 638 1215 690 lib.
1232 642 1270 689 I
1286 640 1437 690 Iuris
1464 638 1839 702 Epitomarum
1858 636 1931 702 (2)

437 740 510 787 Ex
536 734 633 785 hoc
660 734 772 797 iure
807 732 1033 796 gentium
1059 728 1347 781 introducta
1380 726 1511 779 bella
1531 764 1547 792 ,
1568 727 1799 779 disci-etse
1836 730 2015 792 gentes
2032 764 2050 793 ,
2082 741 2235 793 regn

370 816 573 870 conditu
587 853 604 879 ,
626 814 848 867 dominis
863 810 1104 863 distincte
1115 846 1132 874 ‚
1152 809 1283 872 egris
1300 806 1503 859 termini
1527 807 1705 872 positi,
1723 806 1935 860 aedificis
1952 807 2235 860 collocats

375 895 732 948 commercium
746 929 763 957 ‚
801 890 1083 954 emptiones
1124 886 1465 952 venditiones,
1510 886 1783 939 locationes
1828 886 2235 938 conductiones

381 976 710 1041 obligationes
731 970 1005 1035 institutae,
1029 968 1255 1035 exceptis
1283 965 1613 1033 quibusdam,
1639 980 1754 1033 qum
1774 980 1805 1017 a
1828 967 1942 1032 jure
1968 967 2129 1019 civili
2168 969 2235 1019 in

379 1056 628 1111 troductae
659 1056 796 1107 sunt.

787 1168 1064 1226 Usamus,
1087 1162 1181 1214 lib.
1209 1164 1246 1214 I
1266 1162 1679 1215 Institutionum
1706 1159 1798 1227 (3).

443 1264 475 1313 J
479 1275 536 1313 us
563 1258 712 1311 civile
730 1257 837 1322 est,
855 1255 989 1321 quod
1015 1268 1179 1318 neque
1196 1254 1250 1305 in
1268 1254 1433 1305 totum
1456 1266 1487 1303 a
1501 1252 1715 1304 naturali
1739 1252 1819 1303 vel
1848 1252 2081 1317 gentium
2102 1266 2235 1307 rece

379 1338 485 1402 dit,
516 1352 609 1389 nec
637 1351 728 1402 per
765 1335 934 1387 omnis
960 1334 1008 1385 ei
1039 1333 1231 1397 servitg
1259 1332 1462 1395 itaque,
1490 1344 1603 1382 cum
1640 1330 1832 1395 aliquid
1872 1330 2119 1383 addimus
2164 1346 2235 1384 ve

375 1417 685 1470 detrahimus
707 1415 816 1479 jnri
837 1412 1092 1465 communi
1106 1444 1124 1473 ,
1145 1411 1235 1475 Jus
1260 1410 1516 1475 proprium
1531 1447 1547 1475 ,
1572 1410 1623 1460 id
1649 1412 1729 1461 est
1750 1409 1928 1474 civile,
1952 1408 2235 1463 efficimus

444 1500 552 1548 Hoc
574 1496 730 1561 igitur
745 1496 828 1559 jus
852 1495 1081 1545 nostrum
1103 1492 1303 1543 constet
1324 1493 1412 1542 sut
1431 1504 1495 1541 ex
1514 1491 1701 1555 scripto
1714 1526 1731 1556 ,
1750 1490 1840 1541 sut
1862 1490 1974 1543 sine
1994 1491 2213 1557 scripto

383 1579 441 1630 nt
463 1575 600 1640 apud
625 1578 825 1627 Groecot
843 1588 858 1625 τ
879 1574 984 1632 τῶν
1008 1568 1188 1652 νόμων
1216 1572 1267 1629 οἱ
1300 1567 1397 1649 μὲν
1426 1566 1701 1653 ἔγγραφοι,
1732 1570 1781 1628 οἱ
1810 1566 1869 1629 δὲ
1895 1568 2165 1652 ἄγραφοι,

457 1740 524 1791 9.
557 1728 830 1789 Constant
859 1733 1046 1787 sutem
1065 1727 1203 1806 jura
1225 1744 1294 1785 ex
1321 1723 1567 1805 legibus,
1593 1722 1901 1805 plebiscitis
1922 1768 1937 1796 ,
1964 1730 2235 1784 senatus-

381 1820 682 1893 consultis,
715 1814 1215 1880 constitutionibus
1252 1817 1606 1899 principum,
1638 1814 1835 1877 edictis
1882 1834 2089 1877 eorum
2136 1838 2225 1899 qu

374 1918 473 1997 jus
500 1911 754 1975 edicendi
779 1910 1015 1983 habent,
1049 1910 1338 1989 responsis
1365 1908 1751 1989 prudentium.

462 2018 528 2069 8.
573 2007 687 2066 Lex
713 2011 824 2079 est,
855 2002 1011 2083 quod
1051 2000 1298 2085 populus
1334 1999 1501 2081 jubet
1535 2008 1705 2082 atque
1742 2002 2062 2072 constitum
2100 2001 2233 2083 ple-

383 2103 651 2162 biscitum
678 2106 790 2170 est,
822 2094 975 2177 qnod
1000 2093 1168 2176 plebs
1197 2093 1362 2175 jubet
1388 2102 1558 2176 utque
1584 2094 1890 2154 constituit.
1921 2092 2091 2153 Plebs
2125 2114 2233 2154 nu-

384 2206 503 2257 tem
529 2216 564 2255 n
591 2190 805 2274 populo
835 2210 902 2251 eo
930 2190 1126 2263 distat,
1158 2188 1310 2270 quod
1338 2188 1539 2272 populi
1566 2188 1947 2271 appellatione
1976 2190 2233 2250 universi

383 2292 530 2351 cives
573 2284 997 2367 significantur,
1042 2284 1465 2344 connumeratis
1504 2284 1675 2342 etism
1725 2284 2001 2365 patricii33
2044 2282 2233 2364 plebis

385 2390 575 2443 nutem
621 2374 1003 2459 appellatione
1039 2377 1165 2435 sine
1212 2376 1461 2454 patriciis
1499 2376 1670 2434 ceteri
1710 2375 1856 2436 cives
1902 2374 2233 2454 significan-

383 2484 497 2534 tur.
529 2471 684 2531 Unde
731 2469 869 2530 olim
894 2470 1115 2551 patricii
1145 2466 1407 2527 dicebant
1445 2466 1756 2548 plebiscitis
1783 2487 1843 2528 se
1871 2486 1986 2528 non
2015 2468 2230 2539 teneri,

385 2569 520 2647 quia
555 2566 677 2624 sine
716 2564 1046 2623 auctoritate
1082 2574 1299 2621 eorum·
1319 2560 1471 2622 factu
1515 2567 1738 2620 essent.
1778 2558 1873 2619 sed
1912 2568 2101 2640 postea
2142 2558 2233 2619 lex

387 2657 687 2717 Hortensia
720 2654 838 2714 lats
871 2662 983 2728 est,
1023 2674 1138 2735 qua
1175 2660 1404 2713 cnutum
1442 2660 1526 2712 est
1565 2661 1628 2712 ut
1666 2651 1962 2733 plebiscita
1998 2656 2233 2713 univer-

387 2770 515 2812 sum
541 2748 822 2832 populum
848 2755 1130 2820 tenerent·
1161 2731 1352 2828 itaque
1378 2765 1443 2808 eo
1482 2745 1654 2807 modo
1686 2745 1908 2829 legibus
1946 2755 2232 2829 exaequata

392 2853 543 2906 sunt.

471 2948 542 2999 4.
595 2933 1157 2998 Senatusconsultum
1207 2941 1323 3005 est,
1376 2932 1528 3013 quod
1583 2940 1810 2993 senatus
1851 2932 2014 3014 jubet
2062 2940 2225 3013 atque

392 3032 678 3093 constituit
709 3053 723 3091 ε
757 3032 929 3113 idque
964 3027 1104 3111 legis
1131 3029 1311 3087 vicem
1340 3025 1575 3102 obtinet,
1605 3026 1863 3109 quumvis
1887 3025 2053 3087 fuerit
2074 3046 2223 3107 quae·

398 3132 590 3190 situm.

398 3292 723 3419 §goffia
627 3296 675 3347 3,
700 3291 782 3347 D..
805 3288 1014 3353 Dein-st.
1032 3287 1220 3349 etjam.
1254 3284 1552 3348 -(2)L.5,
1578 3284 1660 3343 D,
1680 3282 1777 3333 eod.
1808 3282 2211 3349 -(3)L.,opr.,

636 3354 723 3400 eod
