2292 3684
391 102 540 145 seer.
563 102 711 146 mer.
739 104 788 145 ι..
818 100 902 155 ιν,
929 100 980 147 τ.
1007 99 1149 142 xvu.
1188 98 1263 141 »Β
1289 98 1505 142 emmo
1532 98 1760 143 subicis.
1886 81 1981 149 671

239 204 404 285 *ns-Et
427 206 480 265 si
503 206 563 263 in
591 224 714 263 rem
741 210 930 265 aetum
957 204 1059 273 sit,
1093 203 1213 261 sive
1236 208 1435 263 eontra
1460 202 1757 283 petitorem
1778 202 1994 281 judica-

164 301 334 369 verit,¹
358 296 650 357 absolvere
684 296 850 356 dehet
878 314 1293 375 possessorem,
1324 298 1439 354 sive
1466 305 1664 355 eontra
1700 314 1994 376 possesso-

159 409 310 463 rem,
334 391 541 470 jubere
575 405 707 448 eum
735 388 901 447 debet
930 390 1352 466 utremipssm
1382 389 1637 447 restituat
1668 408 1800 447 cum
1836 388 1993 449 fruc-

161 481 332 542 tibu‘s.
353 480 461 541 Sed
480 484 526 541 si
553 489 840 563 possessor
860 490 1026 561 neget
1046 482 1106 541 in
1124 482 1391 563 praesenti
1416 500 1474 539 se
1498 480 1789 541 restituere
1807 501 1992 563 posse,

162 583 215 635 et
260 578 382 635 sine
431 576 796 634 frustratione
845 572 1125 631 videbitur
1176 583 1399 654 tempus
1449 572 1774 633 restituendi
1827 594 1997 633 causa

160 678 376 750 petere,
409 667 818 748 indulgendum
848 678 931 727 est
958 669 1038 741 ei,
1071 675 1131 726 ut
1159 675 1346 726 tamen
1379 666 1447 727 de
1480 666 1593 726 litis
1631 669 1996 727 aestimatione

160 771 355 823 caveat
382 768 511 823 cuni
537 762 895 841 fidejussore,
923 762 970 821 si
999 764 1151 821 intra
1181 770 1404 841 tempus
1431 754 1584 841 iluod
1612 763 1663 821 ei
1691 760 1884 821 datum
1913 769 1998 821 est

161 876 276 918 non
317 859 664 917 restituisset.
711 856 780 915 Et
825 858 871 915 si
915 855 1199 916 hereditas
1243 858 1419 936 petita
1464 856 1561 926 sit,
1608 854 1806 915 eadem
1847 857 1996 916 circa

160 952 381 1021 fructus
413 951 822 1022 interveniunt,
853 969 978 1027 quoe
1005 948 1250 1007 diximus
1276 948 1615 1007 intervenire
1642 949 1701 1005 in
1742 948 1999 1029 singula-

155 1066 284 1105 rum
311 1065 506 1104 rerum
533 1045 818 1124 petitione.
853 1041 1089 1101 Illorum
1118 1050 1309 1101 sutem
1336 1042 1625 1102 fructuum
1655 1060 1795 1121 quos
1824 1041 1995 1121 culpa

158 1160 258 1199 sua
295 1157 587 1220 possessor
627 1156 744 1195 non
782 1137 1124 1215 perceperit,
1166 1136 1225 1193 in
1268 1142 1506 1215 utraque
1542 1135 1761 1193 actione
1799 1134 1997 1193 eadem

160 1234 298 1291 ratio
339 1250 490 1312 pene
527 1227 789 1299 hahetur,
833 1231 881 1289 si
928 1227 1120 1308 praedo
1158 1228 1331 1288 fuerit
1380 1252 1392 1287 z
1438 1231 1486 1288 si
1524 1247 1657 1287 vero
1698 1226 1853 1286 bona
1890 1226 1999 1287 fide

161 1343 450 1405 possessor
476 1322 677 1394 fuerit,
703 1342 819 1382 non
853 1321 1098 1382 habetur
1122 1324 1265 1381 ratio
1287 1331 1754 1402 consumptorum
1774 1366 1791 1393 ,
1817 1340 2001 1401 neque

164 1436 274 1477 non
335 1425 734 1497 perceptorum
754 1462 768 1489 ,
831 1424 958 1495 post
1012 1412 1339 1475 inchoatam
1396 1423 1585 1474 autem
1640 1414 2000 1494 petitionem,

167 1513 332 1570 etiam
369 1508 602 1569 illorum
628 1508 922 1568 fructuum
947 1508 1093 1567 ratio
1119 1506 1364 1566 habetur
1392 1508 1491 1587 qui
1516 1505 1684 1587 culpa
1711 1525 2003 1588 possesso-

170 1606 244 1663 ris
270 1604 526 1685 percepti
553 1622 669 1662 non
696 1610 860 1675 sunt,
884 1600 974 1659 vel
1001 1602 1251 1682 percepti
1275 1603 1597 1682 consumpti
1625 1608 1776 1660 sunt.

245 1708 310 1758 8.
342 1697 405 1757 Si
433 1695 506 1755 ad
533 1694 920 1756 exhibendum
947 1703 1134 1755 actum
1161 1695 1359 1765 fuerit,
1390 1713 1507 1754 non
1537 1694 1745 1755 sufficit
1770 1696 1819 1753 si
1850 1690 2005 1753 exhi*

171 1784 297 1849 hest
324 1810 450 1849 rem
478 1791 526 1849 is
558 1808 689 1848 cum
717 1807 830 1869 quo
859 1797 1050 1847 actum
1083 1795 1195 1862 est,
1228 1786 1326 1847 sed
1359 1806 1503 1869 opus
1532 1796 1699 1847 est‘ut
1726 1789 1897 1847 etiam
1923 1790 2006 1846 rei

172 1902 399 1942 causam
437 1880 644 1945 debeat
680 1879 974 1954 exhibere,
1013 1880 1071 1939 id
1115 1888 1223 1955 est,
1264 1889 1326 1939 ut
1367 1900 1491 1939 eam
1531 1900 1759 1940 causam
1800 1879 2008 1941 habeat

175 1976 323 2035 actor
349 1995 526 2055 quam
553 1972 856 2034 habiturus
887 1982 1056 2046 esset,
1091 1976 1169 2045 si,
1200 1994 1331 2033 cum
1358 1974 1612 2054 primum
1640 1972 1712 2032 sd
1738 1971 2007 2032 exhiben-

171 2068 304 2127 dum
331 2071 563 2150 egisset,
599 2066 848 2127 exhibita
877 2087 966 2127 res
993 2067 1227 2126 fuisset:
1257 2066 1522 2147 ideoque,
1564 2069 1614 2127 si
1642 2068 1791 2126 inter
1818 2085 2007 2126 moras

143 2171 443 2244 'usucapta
475 2165 544 2222 sit
580 2182 669 2223 res
717 2184 752 2222 a
798 2181 1149 2243 possessore,
1189 2161 1563 2221 nihilominus
1600 2159 2008 2222 condemnabi-

171 2266 274 2316 tur.
315 2252 592 2316 Prseterea
630 2256 847 2316 fructus
885 2255 1056 2315 medii
1093 2257 1391 2334 temporis,
1440 2254 1497 2313 id
1536 2262 1645 2327 est,
1691 2255 1813 2334 ejus
1856 2254 2009 2335 quod

170 2360 292 2431 post
321 2360 616 2432 acceptum
655 2351 724 2410 ad
759 2349 1140 2411 exhibendum
1163 2349 1441 2428 judicium
1472 2359 1602 2408 ante
1635 2367 1758 2409 rem
1779 2349 2007 2429 judica*

171 2456 284 2504 tam
325 2448 671 2519 intercessit,
719 2448 999 2503 rationem
1044 2441 1254 2503 habere
1304 2443 1469 2503 debet
1507 2444 1702 2523 judex.
1750 2442 1911 2514 Quod
1960 2444 2009 2503 si

173 2547 335 2619 neget
369 2541 418 2597 is
457 2558 586 2598 cum
617 2556 729 2618 quo
759 2536 830 2596 ad
861 2535 1244 2596 exhibendum
1274 2546 1463 2597 actum
1492 2544 1607 2610 est,
1650 2539 1711 2595 in
1751 2538 2010 2616 proesenti

176 2632 440 2694 exhibere
465 2654 524 2692 se
546 2652 739 2712 posse,
765 2639 820 2690 et
848 2641 1068 2711 tempus
1097 2629 1401 2690 exhibendi
1425 2651 1597 2691 causa
1626 2640 1808 2711 petat,
1838 2630 2010 2709 idque

179 2729 296 2786 sine
315 2726 680 2787 frustratione
704 2725 990 2807 postulare
1013 2725 1285 2797 videatur,
1308 2725 1430 2785 dari
1451 2728 1504 2785 ei
1527 2724 1711 2797 debet,
1736 2732 1799 2783 ut
1819 2733 2007 2783 tamen

179 2829 367 2880 caveat
393 2841 452 2880 se
482 2822 886 2885 restituturum.
923 2817 1083 2889 Quod
1114 2820 1163 2877 si
1191 2838 1374 2900 neque
1402 2820 1589 2878 statim
1615 2812 1778 2896 jussu
1803 2817 2009 2896 judicis

182 2930 298 2971 rem
327 2912 622 2985 exhibeat,
653 2933 835 2993 neque
866 2921 1060 2993 postea
1094 2911 1481 2995 eshibiturum
1516 2931 1575 2970 se
1605 2919 1822 2981 caveat,
1869 2929 2009 2970 con-

175 3002 527 3067 demnandus
563 3015 646 3067 est
676 3008 738 3064 in
767 3006 826 3065 id
861 3006 1014 3087 quod
1042 3009 1246 3067 actoris
1284 3008 1551 3065 intererat
1586 3005 1659 3063 ab
1696 3005 1859 3064 initio
1887 3023 2007 3063 rem

181 3099 484 3161 exhibitam
511 3122 652 3161 esse.

254 3204 318 3254 4.
370 3194 427 3253 Si
474 3195 700 3254 familiae
739 3193 1080 3255 erciscundae
1115 3192 1332 3275 judicio
1377 3200 1562 3252 actum
1608 3194 1705 3263 sit,
1756 3189 2009 3273 singulas

184 3303 266 3345 res
303 3288 540 3368 singulis
581 3287 881 3349 heredibus
915 3287 1239 3367 adjudicare
1275 3284 1472 3358 debet;
1505 3293 1559 3346 et
1592 3286 1640 3345 si
1676 3288 1734 3345 in
1780 3284 2009 3344 alterius
