<?xml version="1.0" encoding="UTF-8"?>
<!DOCTYPE html PUBLIC "-//W3C//DTD XHTML 1.0 Transitional//EN"
    "http://www.w3.org/TR/xhtml1/DTD/xhtml1-transitional.dtd">
<html xmlns="http://www.w3.org/1999/xhtml" xml:lang="en" lang="en">
 <head>
  <title>
</title>
<meta http-equiv="Content-Type" content="text/html;charset=utf-8" />
  <meta name='ocr-system' content='tesseract 3.04.00' />
  <meta name='ocr-capabilities' content='ocr_page ocr_carea ocr_par ocr_line ocrx_word'/>
</head>
<body>
  <div class='ocr_page' id='page_1' title='image "./manualejurissyn00paulgoog_0147.png"; bbox 0 0 2292 3684; ppageno 0'>
   <div class='ocr_carea' id='block_1_1' title="bbox 374 74 1969 143">
    <p class='ocr_par' dir='ltr' id='par_1_1' title="bbox 374 74 1969 143">
     <span class='ocr_line' id='line_1_1' title="bbox 374 74 1969 143; baseline -0.002 -12"><span class='ocrx_word' id='word_1_1' title='bbox 374 88 526 131; x_wconf 80' lang='lat' dir='ltr'><strong>msr.</strong></span> <span class='ocrx_word' id='word_1_2' title='bbox 558 88 707 131; x_wconf 73' lang='lat' dir='ltr'><strong>ms&#39;r.</strong></span> <span class='ocrx_word' id='word_1_3' title='bbox 746 89 796 129; x_wconf 75' lang='grc' dir='ltr'><strong>ι.</strong></span> <span class='ocrx_word' id='word_1_4' title='bbox 829 86 891 143; x_wconf 88' lang='lat'><strong>11,</strong></span> <span class='ocrx_word' id='word_1_5' title='bbox 930 86 987 129; x_wconf 75' lang='grc' dir='ltr'><strong>τ.</strong></span> <span class='ocrx_word' id='word_1_6' title='bbox 1020 88 1059 128; x_wconf 81' lang='grc' dir='ltr'><strong>ι.</strong></span> <span class='ocrx_word' id='word_1_7' title='bbox 1099 86 1174 129; x_wconf 73' lang='lat' dir='ltr'><strong>nn</strong></span> <span class='ocrx_word' id='word_1_8' title='bbox 1205 86 1482 129; x_wconf 71' lang='lat' dir='ltr'><strong>urvistons</strong></span> <span class='ocrx_word' id='word_1_9' title='bbox 1506 86 1714 127; x_wconf 72' lang='lat' dir='ltr'><strong>nusum.</strong></span> <span class='ocrx_word' id='word_1_10' title='bbox 1867 74 1969 128; x_wconf 67' lang='lat'><strong>⁴55</strong></span> 
     </span>
    </p>
   </div>
   <div class='ocr_carea' id='block_1_2' title="bbox 108 188 1978 3357">
    <p class='ocr_par' dir='ltr' id='par_1_2' title="bbox 112 188 1976 1020">
     <span class='ocr_line' id='line_1_2' title="bbox 120 188 1970 271; baseline 0.001 -23"><span class='ocrx_word' id='word_1_11' title='bbox 120 188 273 251; x_wconf 90' lang='lat' dir='ltr'><strong>dere.</strong></span> <span class='ocrx_word' id='word_1_12' title='bbox 314 190 473 250; x_wconf 82' lang='lat' dir='ltr'><strong>Unde</strong></span> <span class='ocrx_word' id='word_1_13' title='bbox 509 192 559 250; x_wconf 86' lang='lat' dir='ltr'><strong>si</strong></span> <span class='ocrx_word' id='word_1_14' title='bbox 598 210 633 250; x_wconf 81' lang='lat' dir='ltr'><strong>a</strong></span> <span class='ocrx_word' id='word_1_15' title='bbox 670 188 897 250; x_wconf 88' lang='lat' dir='ltr'><strong>domino</strong></span> <span class='ocrx_word' id='word_1_16' title='bbox 934 189 1141 249; x_wconf 73' lang='lat' dir='ltr'><strong>tabulae</strong></span> <span class='ocrx_word' id='word_1_17' title='bbox 1180 192 1488 271; x_wconf 78' lang='lat' dir='ltr'><strong>imaginem</strong></span> <span class='ocrx_word' id='word_1_18' title='bbox 1525 190 1874 271; x_wconf 79' lang='lat' dir='ltr'><strong>possidente,</strong></span> <span class='ocrx_word' id='word_1_19' title='bbox 1919 188 1970 249; x_wconf 88' lang='lat' dir='ltr'><strong>is</strong></span> 
     </span>
     <span class='ocr_line' id='line_1_3' title="bbox 118 285 1970 367; baseline 0 -22"><span class='ocrx_word' id='word_1_20' title='bbox 118 288 217 366; x_wconf 86' lang='lat' dir='ltr'><strong>qni</strong></span> <span class='ocrx_word' id='word_1_21' title='bbox 258 287 445 367; x_wconf 82' lang='lat' dir='ltr'>pinxit</span> <span class='ocrx_word' id='word_1_22' title='bbox 482 306 611 345; x_wconf 76' lang='lat' dir='ltr'><strong>eam</strong></span> <span class='ocrx_word' id='word_1_23' title='bbox 651 294 832 367; x_wconf 80' lang='lat' dir='ltr'><strong>petet,</strong></span> <span class='ocrx_word' id='word_1_24' title='bbox 864 306 967 345; x_wconf 88' lang='lat' dir='ltr'><strong>nec</strong></span> <span class='ocrx_word' id='word_1_25' title='bbox 1004 285 1182 345; x_wconf 81' lang='lat' dir='ltr'><strong>solvat</strong></span> <span class='ocrx_word' id='word_1_26' title='bbox 1218 288 1462 367; x_wconf 89' lang='lat' dir='ltr'><strong>pretium</strong></span> <span class='ocrx_word' id='word_1_27' title='bbox 1500 286 1734 359; x_wconf 63' lang='lat' dir='ltr'><strong>tabulae,</strong></span> <span class='ocrx_word' id='word_1_28' title='bbox 1765 288 1970 366; x_wconf 88' lang='lat' dir='ltr'><strong>poterit</strong></span> 
     </span>
     <span class='ocr_line' id='line_1_4' title="bbox 116 380 1969 464; baseline -0.001 -23"><span class='ocrx_word' id='word_1_29' title='bbox 116 401 225 461; x_wconf 90' lang='lat' dir='ltr'><strong>per</strong></span> <span class='ocrx_word' id='word_1_30' title='bbox 256 384 649 461; x_wconf 77' lang='lat' dir='ltr'>exceptionem</span> <span class='ocrx_word' id='word_1_31' title='bbox 677 380 792 440; x_wconf 90' lang='lat' dir='ltr'><strong>doli</strong></span> <span class='ocrx_word' id='word_1_32' title='bbox 820 381 957 441; x_wconf 85' lang='lat' dir='ltr'><strong>mali</strong></span> <span class='ocrx_word' id='word_1_33' title='bbox 985 381 1324 442; x_wconf 87' lang='lat' dir='ltr'><strong>submoveri.</strong></span> <span class='ocrx_word' id='word_1_34' title='bbox 1367 381 1439 441; x_wconf 81' lang='lat' dir='ltr'><strong>At</strong></span> <span class='ocrx_word' id='word_1_35' title='bbox 1476 384 1523 441; x_wconf 90' lang='lat' dir='ltr'><strong>si</strong></span> <span class='ocrx_word' id='word_1_36' title='bbox 1561 384 1609 441; x_wconf 87' lang='lat' dir='ltr'><strong>is</strong></span> <span class='ocrx_word' id='word_1_37' title='bbox 1651 384 1744 463; x_wconf 88' lang='lat' dir='ltr'><strong>qui</strong></span> <span class='ocrx_word' id='word_1_38' title='bbox 1786 384 1969 464; x_wconf 82' lang='lat' dir='ltr'>pinxit</span> 
     </span>
     <span class='ocr_line' id='line_1_5' title="bbox 114 473 1970 555; baseline 0 -22"><span class='ocrx_word' id='word_1_39' title='bbox 114 473 442 553; x_wconf 83' lang='lat' dir='ltr'><strong>possident,</strong></span> <span class='ocrx_word' id='word_1_40' title='bbox 494 492 844 555; x_wconf 85' lang='lat' dir='ltr'><strong>consequens</strong></span> <span class='ocrx_word' id='word_1_41' title='bbox 882 483 966 533; x_wconf 91' lang='lat' dir='ltr'><strong>est</strong></span> <span class='ocrx_word' id='word_1_42' title='bbox 1004 484 1066 533; x_wconf 90' lang='lat' dir='ltr'><strong>ut</strong></span> <span class='ocrx_word' id='word_1_43' title='bbox 1106 474 1255 534; x_wconf 85' lang='lat' dir='ltr'><strong>utilis</strong></span> <span class='ocrx_word' id='word_1_44' title='bbox 1298 476 1441 534; x_wconf 83' lang='lat' dir='ltr'><strong>ectio</strong></span> <span class='ocrx_word' id='word_1_45' title='bbox 1487 474 1718 533; x_wconf 86' lang='lat' dir='ltr'><strong>domino</strong></span> <span class='ocrx_word' id='word_1_46' title='bbox 1762 473 1970 533; x_wconf 77' lang='lat' dir='ltr'><strong>tebuloe</strong></span> 
     </span>
     <span class='ocr_line' id='line_1_6' title="bbox 114 567 1972 649; baseline 0.002 -23"><span class='ocrx_word' id='word_1_47' title='bbox 114 568 393 629; x_wconf 75' lang='lat' dir='ltr'><strong>adversus</strong></span> <span class='ocrx_word' id='word_1_48' title='bbox 429 588 560 627; x_wconf 90' lang='lat' dir='ltr'><strong>eum</strong></span> <span class='ocrx_word' id='word_1_49' title='bbox 594 567 759 627; x_wconf 80' lang='lat' dir='ltr'><strong>detur</strong></span> <span class='ocrx_word' id='word_1_50' title='bbox 789 589 803 625; x_wconf 90' lang='lat'>:</span> <span class='ocrx_word' id='word_1_51' title='bbox 844 588 958 648; x_wconf 88' lang='lat' dir='ltr'><strong>quo</strong></span> <span class='ocrx_word' id='word_1_52' title='bbox 994 588 1158 640; x_wconf 87' lang='lat' dir='ltr'><strong>cesu,</strong></span> <span class='ocrx_word' id='word_1_53' title='bbox 1198 571 1246 627; x_wconf 90' lang='lat' dir='ltr'><strong>si</strong></span> <span class='ocrx_word' id='word_1_54' title='bbox 1283 588 1400 627; x_wconf 88' lang='lat' dir='ltr'><strong>nou</strong></span> <span class='ocrx_word' id='word_1_55' title='bbox 1435 567 1614 629; x_wconf 77' lang='lat' dir='ltr'><strong>solvat</strong></span> <span class='ocrx_word' id='word_1_56' title='bbox 1649 570 1972 649; x_wconf 83' lang='lat' dir='ltr'><strong>impensem</strong></span> 
     </span>
     <span class='ocr_line' id='line_1_7' title="bbox 112 660 1972 744; baseline 0.002 -24"><span class='ocrx_word' id='word_1_57' title='bbox 112 665 383 743; x_wconf 81' lang='lat' dir='ltr'><strong>picturae,</strong></span> <span class='ocrx_word' id='word_1_58' title='bbox 429 664 633 743; x_wconf 90' lang='lat' dir='ltr'><strong>poterit</strong></span> <span class='ocrx_word' id='word_1_59' title='bbox 660 682 763 742; x_wconf 92' lang='lat' dir='ltr'><strong>per</strong></span> <span class='ocrx_word' id='word_1_60' title='bbox 794 664 1182 742; x_wconf 77' lang='lat' dir='ltr'><strong>exceptionem</strong></span> <span class='ocrx_word' id='word_1_61' title='bbox 1212 660 1325 722; x_wconf 86' lang='lat' dir='ltr'><strong>doli</strong></span> <span class='ocrx_word' id='word_1_62' title='bbox 1355 662 1490 721; x_wconf 77' lang='lat' dir='ltr'><strong>meli</strong></span> <span class='ocrx_word' id='word_1_63' title='bbox 1520 661 1747 743; x_wconf 78' lang='lat' dir='ltr'><strong>repelli,</strong></span> <span class='ocrx_word' id='word_1_64' title='bbox 1778 666 1972 744; x_wconf 90' lang='lat' dir='ltr'><strong>ntique</strong></span> 
     </span>
     <span class='ocr_line' id='line_1_8' title="bbox 116 753 1965 837; baseline 0.001 -24"><span class='ocrx_word' id='word_1_65' title='bbox 116 758 167 813; x_wconf 89' lang='lat' dir='ltr'><strong>si</strong></span> <span class='ocrx_word' id='word_1_66' title='bbox 210 756 364 814; x_wconf 84' lang='lat' dir='ltr'><strong>bone</strong></span> <span class='ocrx_word' id='word_1_67' title='bbox 400 754 513 813; x_wconf 86' lang='lat' dir='ltr'><strong>fide</strong></span> <span class='ocrx_word' id='word_1_68' title='bbox 556 774 849 837; x_wconf 82' lang='lat' dir='ltr'>possessor</span> <span class='ocrx_word' id='word_1_69' title='bbox 881 753 1053 814; x_wconf 83' lang='lat' dir='ltr'><strong>fuerit</strong></span> <span class='ocrx_word' id='word_1_70' title='bbox 1092 754 1188 814; x_wconf 86' lang='lat' dir='ltr'><strong>ille</strong></span> <span class='ocrx_word' id='word_1_71' title='bbox 1229 756 1328 835; x_wconf 89' lang='lat' dir='ltr'><strong>qui</strong></span> <span class='ocrx_word' id='word_1_72' title='bbox 1365 757 1644 835; x_wconf 78' lang='lat' dir='ltr'><strong>picturam</strong></span> <span class='ocrx_word' id='word_1_73' title='bbox 1681 757 1965 835; x_wconf 83' lang='lat' dir='ltr'><strong>imposuit.</strong></span> 
     </span>
     <span class='ocr_line' id='line_1_9' title="bbox 114 845 1976 929; baseline 0.002 -24"><span class='ocrx_word' id='word_1_74' title='bbox 114 847 270 907; x_wconf 88' lang='lat' dir='ltr'><strong>Illud</strong></span> <span class='ocrx_word' id='word_1_75' title='bbox 309 850 461 907; x_wconf 88' lang='lat' dir='ltr'><strong>enim</strong></span> <span class='ocrx_word' id='word_1_76' title='bbox 502 846 695 927; x_wconf 80' lang='lat' dir='ltr'><strong>palum</strong></span> <span class='ocrx_word' id='word_1_77' title='bbox 735 846 819 905; x_wconf 81' lang='lat' dir='ltr'><strong>est</strong></span> <span class='ocrx_word' id='word_1_78' title='bbox 853 845 1033 927; x_wconf 89' lang='lat' dir='ltr'><strong>quod,</strong></span> <span class='ocrx_word' id='word_1_79' title='bbox 1072 849 1188 905; x_wconf 87' lang='lat' dir='ltr'><strong>sive</strong></span> <span class='ocrx_word' id='word_1_80' title='bbox 1231 850 1278 905; x_wconf 86' lang='lat' dir='ltr'><strong>is</strong></span> <span class='ocrx_word' id='word_1_81' title='bbox 1323 848 1420 927; x_wconf 90' lang='lat' dir='ltr'><strong>qui</strong></span> <span class='ocrx_word' id='word_1_82' title='bbox 1465 849 1648 928; x_wconf 83' lang='lat' dir='ltr'><strong>pinxit</strong></span> <span class='ocrx_word' id='word_1_83' title='bbox 1689 848 1976 929; x_wconf 76' lang='lat' dir='ltr'><strong>subripuit</strong></span> 
     </span>
     <span class='ocr_line' id='line_1_10' title="bbox 116 938 1970 1020; baseline 0.002 -21"><span class='ocrx_word' id='word_1_84' title='bbox 116 940 371 1013; x_wconf 78' lang='lat' dir='ltr'><strong>tabulas,</strong></span> <span class='ocrx_word' id='word_1_85' title='bbox 404 942 521 1000; x_wconf 83' lang='lat' dir='ltr'><strong>sive</strong></span> <span class='ocrx_word' id='word_1_86' title='bbox 546 940 709 1013; x_wconf 84' lang='lat' dir='ltr'><strong>alius,</strong></span> <span class='ocrx_word' id='word_1_87' title='bbox 733 942 999 1020; x_wconf 84' lang='lat' dir='ltr'><strong>competit</strong></span> <span class='ocrx_word' id='word_1_88' title='bbox 1028 938 1260 999; x_wconf 90' lang='lat' dir='ltr'><strong>domino</strong></span> <span class='ocrx_word' id='word_1_89' title='bbox 1285 938 1610 1000; x_wconf 75' lang='lat' dir='ltr'><strong>tabularum</strong></span> <span class='ocrx_word' id='word_1_90' title='bbox 1639 940 1775 1000; x_wconf 87' lang='lat' dir='ltr'><strong>furti</strong></span> <span class='ocrx_word' id='word_1_91' title='bbox 1803 943 1970 1003; x_wconf 82' lang='lat' dir='ltr'><strong>ecti0.</strong></span> 
     </span>
    </p>

    <p class='ocr_par' dir='ltr' id='par_1_3' title="bbox 108 1034 1978 1864">
     <span class='ocr_line' id='line_1_11' title="bbox 203 1034 1972 1115; baseline 0 -20"><span class='ocrx_word' id='word_1_92' title='bbox 203 1046 320 1095; x_wconf 72' lang='lat'><strong>85.</strong></span> <span class='ocrx_word' id='word_1_93' title='bbox 362 1034 421 1095; x_wconf 90' lang='lat' dir='ltr'><strong>Si</strong></span> <span class='ocrx_word' id='word_1_94' title='bbox 458 1036 586 1115; x_wconf 81' lang='lat' dir='ltr'><strong>quis</strong></span> <span class='ocrx_word' id='word_1_95' title='bbox 625 1056 659 1094; x_wconf 80' lang='lat' dir='ltr'><strong>u</strong></span> <span class='ocrx_word' id='word_1_96' title='bbox 700 1054 817 1094; x_wconf 87' lang='lat' dir='ltr'><strong>uon</strong></span> <span class='ocrx_word' id='word_1_97' title='bbox 854 1035 1119 1106; x_wconf 88' lang='lat' dir='ltr'><strong>domino,</strong></span> <span class='ocrx_word' id='word_1_98' title='bbox 1162 1054 1334 1115; x_wconf 90' lang='lat' dir='ltr'><strong>quem</strong></span> <span class='ocrx_word' id='word_1_99' title='bbox 1369 1034 1667 1093; x_wconf 86' lang='lat' dir='ltr'><strong>dominum</strong></span> <span class='ocrx_word' id='word_1_100' title='bbox 1695 1054 1816 1095; x_wconf 83' lang='lat' dir='ltr'><strong>esse</strong></span> <span class='ocrx_word' id='word_1_101' title='bbox 1844 1056 1972 1095; x_wconf 87' lang='lat' dir='ltr'><strong>cre-</strong></span> 
     </span>
     <span class='ocr_line' id='line_1_12' title="bbox 112 1125 1972 1200; baseline 0.001 -12"><span class='ocrx_word' id='word_1_102' title='bbox 112 1128 355 1200; x_wconf 86' lang='lat' dir='ltr'><strong>diderit,</strong></span> <span class='ocrx_word' id='word_1_103' title='bbox 394 1127 551 1188; x_wconf 79' lang='lat' dir='ltr'><strong>boue</strong></span> <span class='ocrx_word' id='word_1_104' title='bbox 578 1126 689 1188; x_wconf 89' lang='lat' dir='ltr'><strong>fide</strong></span> <span class='ocrx_word' id='word_1_105' title='bbox 717 1126 961 1187; x_wconf 86' lang='lat' dir='ltr'><strong>fundum</strong></span> <span class='ocrx_word' id='word_1_106' title='bbox 990 1130 1215 1198; x_wconf 87' lang='lat' dir='ltr'><strong>emerit,</strong></span> <span class='ocrx_word' id='word_1_107' title='bbox 1251 1125 1339 1187; x_wconf 87' lang='lat' dir='ltr'><strong>vel</strong></span> <span class='ocrx_word' id='word_1_108' title='bbox 1367 1148 1435 1186; x_wconf 86' lang='lat' dir='ltr'><strong>ex</strong></span> <span class='ocrx_word' id='word_1_109' title='bbox 1463 1126 1766 1187; x_wconf 80' lang='lat' dir='ltr'><strong>donatione</strong></span> <span class='ocrx_word' id='word_1_110' title='bbox 1794 1127 1972 1189; x_wconf 79' lang='lat' dir='ltr'><strong>aliave</strong></span> 
     </span>
     <span class='ocr_line' id='line_1_13' title="bbox 112 1218 1978 1304; baseline 0 -23"><span class='ocrx_word' id='word_1_111' title='bbox 112 1222 379 1304; x_wconf 79' lang='lat' dir='ltr'><strong>quelibet</strong></span> <span class='ocrx_word' id='word_1_112' title='bbox 398 1222 554 1302; x_wconf 80' lang='lat' dir='ltr'><strong>justu</strong></span> <span class='ocrx_word' id='word_1_113' title='bbox 578 1240 753 1282; x_wconf 73' lang='lat' dir='ltr'><strong>ceusu</strong></span> <span class='ocrx_word' id='word_1_114' title='bbox 778 1218 935 1302; x_wconf 82' lang='lat' dir='ltr'><strong>aeque&#39;</strong></span> <span class='ocrx_word' id='word_1_115' title='bbox 962 1220 1115 1281; x_wconf 81' lang='lat' dir='ltr'><strong>hone</strong></span> <span class='ocrx_word' id='word_1_116' title='bbox 1142 1220 1254 1281; x_wconf 81' lang='lat' dir='ltr'><strong>fide</strong></span> <span class='ocrx_word' id='word_1_117' title='bbox 1281 1224 1585 1303; x_wconf 78' lang='lat' dir='ltr'><strong>acceperit,</strong></span> <span class='ocrx_word' id='word_1_118' title='bbox 1611 1218 1860 1281; x_wconf 75' lang='lat' dir='ltr'><strong>naturali</strong></span> <span class='ocrx_word' id='word_1_119' title='bbox 1885 1241 1978 1282; x_wconf 77' lang='lat' dir='ltr'><strong>rs-</strong></span> 
     </span>
     <span class='ocr_line' id='line_1_14' title="bbox 108 1313 1976 1396; baseline 0.001 -22"><span class='ocrx_word' id='word_1_120' title='bbox 108 1318 279 1375; x_wconf 82' lang='lat' dir='ltr'><strong>tione</strong></span> <span class='ocrx_word' id='word_1_121' title='bbox 314 1314 531 1395; x_wconf 72' lang='lat' dir='ltr'><strong>placuit</strong></span> <span class='ocrx_word' id='word_1_122' title='bbox 554 1314 774 1373; x_wconf 86' lang='lat' dir='ltr'><strong>fructus</strong></span> <span class='ocrx_word' id='word_1_123' title='bbox 802 1334 945 1395; x_wconf 85' lang='lat' dir='ltr'><strong>quos</strong></span> <span class='ocrx_word' id='word_1_124' title='bbox 972 1316 1254 1396; x_wconf 81' lang='lat' dir='ltr'><strong>percepit,</strong></span> <span class='ocrx_word' id='word_1_125' title='bbox 1293 1317 1417 1395; x_wconf 86' lang='lat' dir='ltr'><strong>ejus</strong></span> <span class='ocrx_word' id='word_1_126' title='bbox 1451 1333 1573 1374; x_wconf 85' lang='lat' dir='ltr'><strong>esse</strong></span> <span class='ocrx_word' id='word_1_127' title='bbox 1609 1332 1716 1396; x_wconf 85' lang='lat' dir='ltr'><strong>pro</strong></span> <span class='ocrx_word' id='word_1_128' title='bbox 1749 1313 1976 1375; x_wconf 78' lang='lat' dir='ltr'><strong>culture</strong></span> 
     </span>
     <span class='ocr_line' id='line_1_15' title="bbox 114 1407 1974 1488; baseline 0 -21"><span class='ocrx_word' id='word_1_129' title='bbox 114 1416 171 1467; x_wconf 89' lang='lat' dir='ltr'><strong>et</strong></span> <span class='ocrx_word' id='word_1_130' title='bbox 210 1426 379 1478; x_wconf 70' lang='lat' dir='ltr'><strong>cum</strong></span> <span class='ocrx_word' id='word_1_131' title='bbox 422 1416 478 1467; x_wconf 89' lang='lat' dir='ltr'><strong>et</strong></span> <span class='ocrx_word' id='word_1_132' title='bbox 510 1407 667 1481; x_wconf 87' lang='lat' dir='ltr'><strong>ideo,</strong></span> <span class='ocrx_word' id='word_1_133' title='bbox 700 1408 748 1467; x_wconf 89' lang='lat' dir='ltr'><strong>si</strong></span> <span class='ocrx_word' id='word_1_134' title='bbox 774 1414 972 1488; x_wconf 81' lang='lat' dir='ltr'><strong>postea</strong></span> <span class='ocrx_word' id='word_1_135' title='bbox 1003 1407 1267 1467; x_wconf 89' lang='lat' dir='ltr'><strong>dominus</strong></span> <span class='ocrx_word' id='word_1_136' title='bbox 1296 1410 1712 1488; x_wconf 76' lang='lat' dir='ltr'><strong>supervenerit,</strong></span> <span class='ocrx_word' id='word_1_137' title='bbox 1745 1415 1799 1467; x_wconf 90' lang='lat' dir='ltr'><strong>et</strong></span> <span class='ocrx_word' id='word_1_138' title='bbox 1834 1409 1974 1468; x_wconf 90' lang='lat' dir='ltr'><strong>fun-</strong></span> 
     </span>
     <span class='ocr_line' id='line_1_16' title="bbox 114 1500 1970 1583; baseline 0.001 -24"><span class='ocrx_word' id='word_1_139' title='bbox 114 1503 261 1561; x_wconf 90' lang='lat' dir='ltr'><strong>dum</strong></span> <span class='ocrx_word' id='word_1_140' title='bbox 304 1500 575 1574; x_wconf 84' lang='lat' dir='ltr'><strong>vindicet,</strong></span> <span class='ocrx_word' id='word_1_141' title='bbox 618 1500 685 1561; x_wconf 87' lang='lat' dir='ltr'><strong>de</strong></span> <span class='ocrx_word' id='word_1_142' title='bbox 720 1500 997 1561; x_wconf 82' lang='lat' dir='ltr'><strong>fructibus</strong></span> <span class='ocrx_word' id='word_1_143' title='bbox 1039 1500 1111 1561; x_wconf 80' lang='lat' dir='ltr'><strong>ab</strong></span> <span class='ocrx_word' id='word_1_144' title='bbox 1156 1520 1224 1562; x_wconf 88' lang='lat' dir='ltr'><strong>eo</strong></span> <span class='ocrx_word' id='word_1_145' title='bbox 1264 1502 1614 1583; x_wconf 76' lang='lat' dir='ltr'><strong>consumptis</strong></span> <span class='ocrx_word' id='word_1_146' title='bbox 1651 1521 1816 1583; x_wconf 80' lang='lat' dir='ltr'><strong>agere</strong></span> <span class='ocrx_word' id='word_1_147' title='bbox 1853 1522 1970 1563; x_wconf 89' lang='lat' dir='ltr'><strong>non</strong></span> 
     </span>
     <span class='ocr_line' id='line_1_17' title="bbox 116 1594 1972 1679; baseline -0.001 -22"><span class='ocrx_word' id='word_1_148' title='bbox 116 1606 324 1679; x_wconf 81' lang='lat' dir='ltr'><strong>potest.</strong></span> <span class='ocrx_word' id='word_1_149' title='bbox 352 1598 417 1655; x_wconf 84' lang='lat' dir='ltr'><strong>Ei</strong></span> <span class='ocrx_word' id='word_1_150' title='bbox 445 1615 577 1656; x_wconf 84' lang='lat' dir='ltr'><strong>vero</strong></span> <span class='ocrx_word' id='word_1_151' title='bbox 608 1599 707 1677; x_wconf 89' lang='lat' dir='ltr'><strong>qui</strong></span> <span class='ocrx_word' id='word_1_152' title='bbox 732 1595 982 1656; x_wconf 80' lang='lat' dir='ltr'><strong>alienum</strong></span> <span class='ocrx_word' id='word_1_153' title='bbox 1014 1594 1256 1655; x_wconf 89' lang='lat' dir='ltr'><strong>fundum</strong></span> <span class='ocrx_word' id='word_1_154' title='bbox 1287 1598 1469 1656; x_wconf 88' lang='lat' dir='ltr'><strong>sciens</strong></span> <span class='ocrx_word' id='word_1_155' title='bbox 1497 1594 1824 1677; x_wconf 76' lang='lat' dir='ltr'><strong>possederit,</strong></span> <span class='ocrx_word' id='word_1_156' title='bbox 1858 1616 1972 1655; x_wconf 90' lang='lat' dir='ltr'><strong>non</strong></span> 
     </span>
     <span class='ocr_line' id='line_1_18' title="bbox 118 1686 1974 1769; baseline 0.001 -20"><span class='ocrx_word' id='word_1_157' title='bbox 118 1690 275 1749; x_wconf 86' lang='lat' dir='ltr'><strong>idem</strong></span> <span class='ocrx_word' id='word_1_158' title='bbox 299 1708 633 1749; x_wconf 85' lang='lat' dir='ltr'><strong>concessum</strong></span> <span class='ocrx_word' id='word_1_159' title='bbox 656 1696 771 1747; x_wconf 82' lang='lat' dir='ltr'><strong>est:</strong></span> <span class='ocrx_word' id='word_1_160' title='bbox 792 1692 983 1769; x_wconf 73' lang='lat' dir='ltr'><strong>itaque</strong></span> <span class='ocrx_word' id='word_1_161' title='bbox 1010 1705 1141 1749; x_wconf 85' lang='lat' dir='ltr'><strong>cum</strong></span> <span class='ocrx_word' id='word_1_162' title='bbox 1174 1688 1352 1750; x_wconf 87' lang='lat' dir='ltr'><strong>fundo</strong></span> <span class='ocrx_word' id='word_1_163' title='bbox 1381 1690 1554 1749; x_wconf 78' lang='lat' dir='ltr'><strong>etiem</strong></span> <span class='ocrx_word' id='word_1_164' title='bbox 1581 1686 1820 1762; x_wconf 74' lang='lat' dir='ltr'><strong>fructus,</strong></span> <span class='ocrx_word' id='word_1_165' title='bbox 1843 1686 1974 1750; x_wconf 85' lang='lat' dir='ltr'><strong>licet</strong></span> 
     </span>
     <span class='ocr_line' id='line_1_19' title="bbox 124 1784 1210 1864; baseline -0.003 -19"><span class='ocrx_word' id='word_1_166' title='bbox 124 1786 452 1864; x_wconf 76' lang='lat' dir='ltr'><strong>consumpti</strong></span> <span class='ocrx_word' id='word_1_167' title='bbox 482 1784 623 1857; x_wconf 89' lang='lat' dir='ltr'><strong>sint,</strong></span> <span class='ocrx_word' id='word_1_168' title='bbox 656 1785 875 1864; x_wconf 75' lang='lat' dir='ltr'><strong>cogitur</strong></span> <span class='ocrx_word' id='word_1_169' title='bbox 902 1784 1210 1843; x_wconf 80' lang='lat' dir='ltr'><strong>restituere.</strong></span> 
     </span>
    </p>

    <p class='ocr_par' dir='ltr' id='par_1_4' title="bbox 118 1871 1976 2404">
     <span class='ocr_line' id='line_1_20' title="bbox 212 1871 1974 1957; baseline -0.002 -18"><span class='ocrx_word' id='word_1_170' title='bbox 212 1886 323 1939; x_wconf 69' lang='lat'><strong>80.</strong></span> <span class='ocrx_word' id='word_1_171' title='bbox 359 1877 411 1935; x_wconf 87' lang='lat' dir='ltr'><strong>ls</strong></span> <span class='ocrx_word' id='word_1_172' title='bbox 442 1875 515 1935; x_wconf 78' lang='lat' dir='ltr'><strong>ad</strong></span> <span class='ocrx_word' id='word_1_173' title='bbox 553 1895 723 1957; x_wconf 86' lang='lat' dir='ltr'><strong>quem</strong></span> <span class='ocrx_word' id='word_1_174' title='bbox 758 1871 1115 1935; x_wconf 73' lang='lat' dir='ltr'><strong>ususfructus</strong></span> <span class='ocrx_word' id='word_1_175' title='bbox 1151 1875 1314 1934; x_wconf 89' lang='lat' dir='ltr'><strong>fundi</strong></span> <span class='ocrx_word' id='word_1_176' title='bbox 1353 1876 1629 1953; x_wconf 83' lang='lat' dir='ltr'><strong>pertinet,</strong></span> <span class='ocrx_word' id='word_1_177' title='bbox 1661 1894 1779 1935; x_wconf 88' lang='lat' dir='ltr'><strong>non</strong></span> <span class='ocrx_word' id='word_1_178' title='bbox 1810 1874 1974 1937; x_wconf 78' lang='lat' dir='ltr'><strong>aliter</strong></span> 
     </span>
     <span class='ocr_line' id='line_1_21' title="bbox 126 1970 1970 2051; baseline -0.001 -20"><span class='ocrx_word' id='word_1_179' title='bbox 126 1972 415 2031; x_wconf 87' lang='lat' dir='ltr'><strong>fructuum</strong></span> <span class='ocrx_word' id='word_1_180' title='bbox 455 1970 716 2030; x_wconf 87' lang='lat' dir='ltr'><strong>dominus</strong></span> <span class='ocrx_word' id='word_1_181' title='bbox 758 1970 1024 2042; x_wconf 85' lang='lat' dir='ltr'><strong>efficitur,</strong></span> <span class='ocrx_word' id='word_1_182' title='bbox 1066 1989 1242 2050; x_wconf 83' lang='lat' dir='ltr'><strong>quem</strong></span> <span class='ocrx_word' id='word_1_183' title='bbox 1271 1971 1322 2029; x_wconf 86' lang='lat' dir='ltr'><strong>si</strong></span> <span class='ocrx_word' id='word_1_184' title='bbox 1347 1972 1470 2050; x_wconf 89' lang='lat' dir='ltr'><strong>ipse</strong></span> <span class='ocrx_word' id='word_1_185' title='bbox 1499 1988 1594 2029; x_wconf 90' lang='lat' dir='ltr'><strong>eos</strong></span> <span class='ocrx_word' id='word_1_186' title='bbox 1624 1972 1970 2051; x_wconf 87' lang='lat' dir='ltr'><strong>perceperit;</strong></span> 
     </span>
     <span class='ocr_line' id='line_1_22' title="bbox 122 2062 1972 2145; baseline -0.001 -20"><span class='ocrx_word' id='word_1_187' title='bbox 122 2073 178 2125; x_wconf 89' lang='lat' dir='ltr'><strong>et</strong></span> <span class='ocrx_word' id='word_1_188' title='bbox 202 2065 362 2136; x_wconf 88' lang='lat' dir='ltr'><strong>ideo,</strong></span> <span class='ocrx_word' id='word_1_189' title='bbox 394 2064 527 2125; x_wconf 88' lang='lat' dir='ltr'><strong>licet</strong></span> <span class='ocrx_word' id='word_1_190' title='bbox 554 2065 791 2123; x_wconf 82' lang='lat' dir='ltr'><strong>maturis</strong></span> <span class='ocrx_word' id='word_1_191' title='bbox 818 2062 1125 2135; x_wconf 86' lang='lat' dir='ltr'><strong>fructibus,</strong></span> <span class='ocrx_word' id='word_1_192' title='bbox 1159 2062 1416 2122; x_wconf 85' lang='lat' dir='ltr'><strong>nondum</strong></span> <span class='ocrx_word' id='word_1_193' title='bbox 1443 2071 1634 2123; x_wconf 76' lang='lat' dir='ltr'><strong>tumen</strong></span> <span class='ocrx_word' id='word_1_194' title='bbox 1662 2066 1972 2145; x_wconf 81' lang='lat' dir='ltr'><strong>perceptis,</strong></span> 
     </span>
     <span class='ocr_line' id='line_1_23' title="bbox 118 2156 1976 2239; baseline 0 -22"><span class='ocrx_word' id='word_1_195' title='bbox 118 2158 453 2229; x_wconf 79' lang='lat' dir='ltr'><strong>decesserit,</strong></span> <span class='ocrx_word' id='word_1_196' title='bbox 500 2157 571 2217; x_wconf 78' lang='lat' dir='ltr'><strong>ad</strong></span> <span class='ocrx_word' id='word_1_197' title='bbox 611 2156 877 2217; x_wconf 82' lang='lat' dir='ltr'><strong>heredem</strong></span> <span class='ocrx_word' id='word_1_198' title='bbox 922 2160 1045 2239; x_wconf 85' lang='lat' dir='ltr'><strong>ejus</strong></span> <span class='ocrx_word' id='word_1_199' title='bbox 1085 2176 1202 2217; x_wconf 88' lang='lat' dir='ltr'><strong>non</strong></span> <span class='ocrx_word' id='word_1_200' title='bbox 1243 2159 1554 2238; x_wconf 85' lang='lat' dir='ltr'><strong>pertinent,</strong></span> <span class='ocrx_word' id='word_1_201' title='bbox 1602 2156 1700 2217; x_wconf 91' lang='lat' dir='ltr'><strong>sed</strong></span> <span class='ocrx_word' id='word_1_202' title='bbox 1743 2158 1976 2218; x_wconf 87' lang='lat' dir='ltr'><strong>domino</strong></span> 
     </span>
     <span class='ocr_line' id='line_1_24' title="bbox 118 2248 1972 2332; baseline 0 -22"><span class='ocrx_word' id='word_1_203' title='bbox 118 2251 491 2332; x_wconf 76' lang='lat' dir='ltr'><strong>proprietatis</strong></span> <span class='ocrx_word' id='word_1_204' title='bbox 545 2248 941 2331; x_wconf 74' lang='lat' dir='ltr'><strong>adquiruntur.</strong></span> <span class='ocrx_word' id='word_1_205' title='bbox 992 2248 1206 2309; x_wconf 72' lang='lat' dir='ltr'><strong>Eadem</strong></span> <span class='ocrx_word' id='word_1_206' title='bbox 1254 2249 1375 2311; x_wconf 88' lang='lat' dir='ltr'><strong>fere</strong></span> <span class='ocrx_word' id='word_1_207' title='bbox 1416 2258 1470 2309; x_wconf 88' lang='lat' dir='ltr'><strong>et</strong></span> <span class='ocrx_word' id='word_1_208' title='bbox 1509 2248 1580 2309; x_wconf 89' lang='lat' dir='ltr'><strong>de</strong></span> <span class='ocrx_word' id='word_1_209' title='bbox 1625 2250 1830 2311; x_wconf 88' lang='lat' dir='ltr'><strong>colono</strong></span> <span class='ocrx_word' id='word_1_210' title='bbox 1883 2251 1972 2311; x_wconf 87' lang='lat' dir='ltr'><strong>di-</strong></span> 
     </span>
     <span class='ocr_line' id='line_1_25' title="bbox 120 2352 352 2404; baseline 0 0"><span class='ocrx_word' id='word_1_211' title='bbox 120 2352 352 2404; x_wconf 85' lang='lat' dir='ltr'><strong>cuntur.</strong></span> 
     </span>
    </p>

    <p class='ocr_par' dir='ltr' id='par_1_5' title="bbox 122 2433 1976 3080">
     <span class='ocr_line' id='line_1_26' title="bbox 202 2433 1976 2517; baseline -0.001 -18"><span class='ocrx_word' id='word_1_212' title='bbox 202 2448 319 2499; x_wconf 65' lang='lat'><strong>82.</strong></span> <span class='ocrx_word' id='word_1_213' title='bbox 360 2438 425 2495; x_wconf 87' lang='lat' dir='ltr'><strong>ln</strong></span> <span class='ocrx_word' id='word_1_214' title='bbox 465 2435 744 2517; x_wconf 88' lang='lat' dir='ltr'><strong>pecudum</strong></span> <span class='ocrx_word' id='word_1_215' title='bbox 772 2434 961 2495; x_wconf 82' lang='lat' dir='ltr'><strong>fructu</strong></span> <span class='ocrx_word' id='word_1_216' title='bbox 989 2435 1160 2494; x_wconf 83' lang='lat' dir='ltr'><strong>etiem</strong></span> <span class='ocrx_word' id='word_1_217' title='bbox 1199 2433 1361 2495; x_wconf 84' lang='lat' dir='ltr'><strong>foetus</strong></span> <span class='ocrx_word' id='word_1_218' title='bbox 1395 2442 1506 2509; x_wconf 90' lang='lat' dir='ltr'><strong>est,</strong></span> <span class='ocrx_word' id='word_1_219' title='bbox 1543 2437 1684 2496; x_wconf 88' lang='lat' dir='ltr'><strong>sicut</strong></span> <span class='ocrx_word' id='word_1_220' title='bbox 1725 2435 1836 2509; x_wconf 80' lang='lat' dir='ltr'><strong>lec,</strong></span> <span class='ocrx_word' id='word_1_221' title='bbox 1869 2436 1976 2517; x_wconf 86' lang='lat' dir='ltr'><strong>pili</strong></span> 
     </span>
     <span class='ocr_line' id='line_1_27' title="bbox 122 2525 1975 2609; baseline 0.001 -21"><span class='ocrx_word' id='word_1_222' title='bbox 122 2538 177 2588; x_wconf 88' lang='lat' dir='ltr'><strong>et</strong></span> <span class='ocrx_word' id='word_1_223' title='bbox 213 2529 369 2589; x_wconf 79' lang='lat' dir='ltr'><strong>lana.</strong></span> <span class='ocrx_word' id='word_1_224' title='bbox 411 2528 607 2609; x_wconf 78' lang='lat' dir='ltr'><strong>ltaque</strong></span> <span class='ocrx_word' id='word_1_225' title='bbox 644 2529 805 2609; x_wconf 78' lang='lat' dir='ltr'><strong>egui,</strong></span> <span class='ocrx_word' id='word_1_226' title='bbox 850 2526 1022 2601; x_wconf 78' lang='lat' dir='ltr'><strong>haedi,</strong></span> <span class='ocrx_word' id='word_1_227' title='bbox 1064 2536 1117 2587; x_wconf 84' lang='lat' dir='ltr'><strong>et</strong></span> <span class='ocrx_word' id='word_1_228' title='bbox 1154 2525 1342 2601; x_wconf 85' lang='lat' dir='ltr'><strong>vituli,</strong></span> <span class='ocrx_word' id='word_1_229' title='bbox 1373 2527 1426 2589; x_wconf 70' lang='lat' dir='ltr'><strong>el</strong></span> <span class='ocrx_word' id='word_1_230' title='bbox 1460 2528 1680 2609; x_wconf 80' lang='lat' dir='ltr'><strong>equali,</strong></span> <span class='ocrx_word' id='word_1_231' title='bbox 1712 2536 1766 2587; x_wconf 86' lang='lat' dir='ltr'><strong>et</strong></span> <span class='ocrx_word' id='word_1_232' title='bbox 1792 2529 1975 2589; x_wconf 87' lang='lat' dir='ltr'><strong>suculi</strong></span> 
     </span>
     <span class='ocr_line' id='line_1_28' title="bbox 122 2618 1970 2699; baseline 0.002 -20"><span class='ocrx_word' id='word_1_233' title='bbox 122 2624 313 2681; x_wconf 76' lang='lat' dir='ltr'><strong>statim</strong></span> <span class='ocrx_word' id='word_1_234' title='bbox 351 2618 601 2680; x_wconf 75' lang='lat' dir='ltr'><strong>naturali</strong></span> <span class='ocrx_word' id='word_1_235' title='bbox 634 2621 765 2699; x_wconf 85' lang='lat' dir='ltr'><strong>jure</strong></span> <span class='ocrx_word' id='word_1_236' title='bbox 799 2619 1038 2679; x_wconf 88' lang='lat' dir='ltr'><strong>dominii</strong></span> <span class='ocrx_word' id='word_1_237' title='bbox 1076 2619 1376 2679; x_wconf 76' lang='lat' dir='ltr'><strong>fructuarii</strong></span> <span class='ocrx_word' id='word_1_238' title='bbox 1415 2629 1560 2681; x_wconf 88' lang='lat' dir='ltr'><strong>suut.</strong></span> <span class='ocrx_word' id='word_1_239' title='bbox 1593 2621 1795 2681; x_wconf 70' lang='lat' dir='ltr'><strong>Partus</strong></span> <span class='ocrx_word' id='word_1_240' title='bbox 1837 2642 1970 2683; x_wconf 90' lang='lat' dir='ltr'><strong>vero</strong></span> 
     </span>
     <span class='ocr_line' id='line_1_29' title="bbox 124 2712 1975 2797; baseline 0.001 -23"><span class='ocrx_word' id='word_1_241' title='bbox 124 2714 341 2775; x_wconf 80' lang='lat' dir='ltr'><strong>anciilae</strong></span> <span class='ocrx_word' id='word_1_242' title='bbox 372 2716 434 2773; x_wconf 87' lang='lat' dir='ltr'><strong>iu</strong></span> <span class='ocrx_word' id='word_1_243' title='bbox 461 2714 647 2774; x_wconf 88' lang='lat' dir='ltr'><strong>fructu</strong></span> <span class='ocrx_word' id='word_1_244' title='bbox 676 2733 791 2773; x_wconf 90' lang='lat' dir='ltr'><strong>non</strong></span> <span class='ocrx_word' id='word_1_245' title='bbox 822 2720 935 2785; x_wconf 87' lang='lat' dir='ltr'><strong>est;</strong></span> <span class='ocrx_word' id='word_1_246' title='bbox 969 2715 1160 2795; x_wconf 78' lang='lat' dir='ltr'><strong>itaque</strong></span> <span class='ocrx_word' id='word_1_247' title='bbox 1189 2712 1262 2773; x_wconf 84' lang='lat' dir='ltr'><strong>ud</strong></span> <span class='ocrx_word' id='word_1_248' title='bbox 1286 2713 1581 2774; x_wconf 88' lang='lat' dir='ltr'><strong>dominum</strong></span> <span class='ocrx_word' id='word_1_249' title='bbox 1609 2717 1975 2797; x_wconf 77' lang='lat' dir='ltr'><strong>proprietatis</strong></span> 
     </span>
     <span class='ocr_line' id='line_1_30' title="bbox 130 2808 1971 2893; baseline 0.002 -22"><span class='ocrx_word' id='word_1_250' title='bbox 130 2814 418 2893; x_wconf 89' lang='lat' dir='ltr'><strong>pertinet:</strong></span> <span class='ocrx_word' id='word_1_251' title='bbox 456 2809 767 2869; x_wconf 79' lang='lat' dir='ltr'><strong>absurdum</strong></span> <span class='ocrx_word' id='word_1_252' title='bbox 813 2811 966 2869; x_wconf 90' lang='lat' dir='ltr'><strong>enim</strong></span> <span class='ocrx_word' id='word_1_253' title='bbox 1012 2808 1309 2870; x_wconf 78' lang='lat' dir='ltr'><strong>videbatur</strong></span> <span class='ocrx_word' id='word_1_254' title='bbox 1352 2809 1646 2871; x_wconf 90' lang='lat' dir='ltr'><strong>hominem</strong></span> <span class='ocrx_word' id='word_1_255' title='bbox 1685 2814 1744 2870; x_wconf 89' lang='lat' dir='ltr'><strong>in</strong></span> <span class='ocrx_word' id='word_1_256' title='bbox 1785 2813 1971 2874; x_wconf 78' lang='lat' dir='ltr'><strong>fructu</strong></span> 
     </span>
     <span class='ocr_line' id='line_1_31' title="bbox 130 2894 1970 2987; baseline 0.002 -24"><span class='ocrx_word' id='word_1_257' title='bbox 130 2925 266 2977; x_wconf 86' lang='lat' dir='ltr'><strong>esse,</strong></span> <span class='ocrx_word' id='word_1_258' title='bbox 293 2924 427 2965; x_wconf 89' lang='lat' dir='ltr'><strong>cum</strong></span> <span class='ocrx_word' id='word_1_259' title='bbox 450 2922 649 2963; x_wconf 89' lang='lat' dir='ltr'><strong>omnes</strong></span> <span class='ocrx_word' id='word_1_260' title='bbox 670 2903 885 2963; x_wconf 86' lang='lat' dir='ltr'><strong>fructus</strong></span> <span class='ocrx_word' id='word_1_261' title='bbox 906 2922 1099 2963; x_wconf 87' lang='lat' dir='ltr'><strong>rerum</strong></span> <span class='ocrx_word' id='word_1_262' title='bbox 1122 2910 1325 2965; x_wconf 81' lang='lat' dir='ltr'><strong>nature</strong></span> <span class='ocrx_word' id='word_1_263' title='bbox 1347 2906 1530 2987; x_wconf 77' lang='lat' dir='ltr'><strong>gretie</strong></span> <span class='ocrx_word' id='word_1_264' title='bbox 1548 2904 1796 2967; x_wconf 87' lang='lat' dir='ltr'><strong>hominis</strong></span> <span class='ocrx_word' id='word_1_265' title='bbox 1821 2894 1970 2967; x_wconf 84' lang='lat' dir='ltr'><strong>com-</strong></span> 
     </span>
     <span class='ocr_line' id='line_1_32' title="bbox 134 3000 435 3080; baseline 0 -22"><span class='ocrx_word' id='word_1_266' title='bbox 134 3000 435 3080; x_wconf 82' lang='lat' dir='ltr'><strong>paraverit.</strong></span> 
     </span>
    </p>

    <p class='ocr_par' dir='ltr' id='par_1_6' title="bbox 136 3090 1975 3357">
     <span class='ocr_line' id='line_1_33' title="bbox 210 3090 1971 3173; baseline 0.002 -21"><span class='ocrx_word' id='word_1_267' title='bbox 210 3103 327 3155; x_wconf 69' lang='lat'><strong>38.</strong></span> <span class='ocrx_word' id='word_1_268' title='bbox 365 3090 471 3152; x_wconf 87' lang='lat' dir='ltr'><strong>Sed</strong></span> <span class='ocrx_word' id='word_1_269' title='bbox 500 3094 547 3151; x_wconf 91' lang='lat' dir='ltr'><strong>si</strong></span> <span class='ocrx_word' id='word_1_270' title='bbox 580 3092 764 3173; x_wconf 76' lang='lat' dir='ltr'><strong>gregis</strong></span> <span class='ocrx_word' id='word_1_271' title='bbox 794 3092 1212 3152; x_wconf 88' lang='lat' dir='ltr'><strong>usumfructum</strong></span> <span class='ocrx_word' id='word_1_272' title='bbox 1248 3094 1374 3173; x_wconf 91' lang='lat' dir='ltr'><strong>quis</strong></span> <span class='ocrx_word' id='word_1_273' title='bbox 1411 3090 1648 3167; x_wconf 81' lang='lat' dir='ltr'><strong>habeut,</strong></span> <span class='ocrx_word' id='word_1_274' title='bbox 1686 3096 1746 3159; x_wconf 78' lang='lat' dir='ltr'><strong>iu</strong></span> <span class='ocrx_word' id='word_1_275' title='bbox 1783 3094 1971 3169; x_wconf 77' lang='lat' dir='ltr'><strong>locum</strong></span> 
     </span>
     <span class='ocr_line' id='line_1_34' title="bbox 136 3186 1975 3272; baseline 0.002 -26"><span class='ocrx_word' id='word_1_276' title='bbox 136 3186 561 3248; x_wconf 85' lang='lat' dir='ltr'><strong>demortuorum</strong></span> <span class='ocrx_word' id='word_1_277' title='bbox 616 3186 864 3266; x_wconf 80' lang='lat' dir='ltr'><strong>capitum</strong></span> <span class='ocrx_word' id='word_1_278' title='bbox 914 3206 983 3246; x_wconf 86' lang='lat' dir='ltr'><strong>ex</strong></span> <span class='ocrx_word' id='word_1_279' title='bbox 1036 3187 1170 3246; x_wconf 85' lang='lat' dir='ltr'><strong>foetu</strong></span> <span class='ocrx_word' id='word_1_280' title='bbox 1197 3187 1571 3272; x_wconf 31' lang='lat' dir='ltr'><strong>‘fructuarius</strong></span> <span class='ocrx_word' id='word_1_281' title='bbox 1624 3191 1975 3263; x_wconf 79' lang='lat' dir='ltr'><strong>summittere</strong></span> 
     </span>
     <span class='ocr_line' id='line_1_35' title="bbox 136 3279 1973 3357; baseline 0.001 -18"><span class='ocrx_word' id='word_1_282' title='bbox 136 3281 317 3357; x_wconf 88' lang='lat' dir='ltr'><strong>debet,</strong></span> <span class='ocrx_word' id='word_1_283' title='bbox 352 3289 413 3341; x_wconf 89' lang='lat' dir='ltr'><strong>ut</strong></span> <span class='ocrx_word' id='word_1_284' title='bbox 438 3279 671 3341; x_wconf 76' lang='lat' dir='ltr'><strong>Juliano</strong></span> <span class='ocrx_word' id='word_1_285' title='bbox 698 3280 882 3340; x_wconf 84' lang='lat' dir='ltr'><strong>visum</strong></span> <span class='ocrx_word' id='word_1_286' title='bbox 908 3290 1016 3353; x_wconf 80' lang='lat' dir='ltr'><strong>est3</strong></span> <span class='ocrx_word' id='word_1_287' title='bbox 1050 3289 1105 3341; x_wconf 92' lang='lat' dir='ltr'><strong>et</strong></span> <span class='ocrx_word' id='word_1_288' title='bbox 1132 3283 1192 3339; x_wconf 90' lang='lat' dir='ltr'><strong>in</strong></span> <span class='ocrx_word' id='word_1_289' title='bbox 1219 3282 1515 3348; x_wconf 71' lang='lat' dir='ltr'><strong>vinearum</strong></span> <span class='ocrx_word' id='word_1_290' title='bbox 1548 3281 1973 3351; x_wconf 74' lang='lat' dir='ltr'><strong>demortuorum</strong></span> 
     </span>
    </p>
   </div>
  </div>
 </body>
</html>
