2292 3684
315 111 384 168 st
421 125 534 168 cm
565 124 710 168 msr.
741 125 792 166 c.
820 125 862 180 ι,
892 112 951 177 ss
979 109 1243 165 tat-⁴36.
1275 121 1428 172 outa.
1448 123 1583 166 uon.
1612 122 1669 172 o.
1696 123 1755 164 m
1778 122 1939 165 nanu
1976 121 2037 164 s,
2077 121 2251 166 un..

313 228 508 302 siluam
531 227 762 310 quidem
787 230 852 288 in
871 235 1157 308 potestate
1182 231 1457 303 retinere,
1487 234 1749 306 nepotem
1778 243 1911 288 vero
1944 213 2251 286 hante-¹

315 327 584 399 mittere,·
609 320 700 384 vel
721 341 914 383 omnes
941 324 1209 404 suijuris
1238 322 1471 404 efficere.
1506 321 1728 384 Eadem
1755 329 1813 384 et
1844 320 1917 382 de
1935 339 2242 401 prone-

313 424 448 499 pote
474 416 630 477 dicta
653 434 766 477 esse
789 414 1189 499 intelliqemqn.

401 611 558 662 1³4.
595 602 888 662 Protei-ea
903 609 1211 681 parentes,
1250 599 1443 662 liberis
1467 603 1536 661 in
1572 600 1941 682 adoptionem
1972 601 2215 678 datsk,

314 696 383 756 in
397 701 684 776 potestate
710 712 800 754 eos
824 693 1030 755 habere
1057 692 1360 764 desinunt&
1395 701 1451 755 et
1474 693 1689 772 insilio
1716 693 1979 776 quidem,
2016 697 2084 755 ss·
2116 697 2217 755 in

313 787 678 868 adoptionem
702 786 899 862 datur,
923 796 1037 849 tres
1057 789 1507 868 mancipationes
1523 795 1579 849 et
1598 787 1727 848 ἀνω
1746 787 2211 848 intercedentes

315 881 790 942 manumissiones
827 879 1066 962 proinde
1091 880 1263 954 fiunt,
1306 901 1371 941 ac
1396 880 1521 940 fieri
1548 879 1731 940 solent
1756 899 1889 940 cum
1916 882 2002 941 ita
2028 901 2204 941 eum

316 985 480 1060 pater
515 976 583 1038 de
619 984 894 1058 potestate
934 977 1164 1036 dimittit
1202 983 1265 1036 ut
1306 978 1395 1036 sui
1429 978 1577 1057 juris
1612 975 1910 1038 efficiatur.
1942 977 2200 1038 Deinde

317 1078 414 1130 aut
450 1071 600 1151 patri
629 1070 1078 1148 remancipatur‚
1110 1075 1165 1129 et
1180 1067 1265 1134 ,ab
1298 1089 1366 1129 eo
1404 1070 1451 1129 is
1486 1071 1583 1150 qui
1622 1067 1880 1150 adoptat,
1910 1069 2197 1130 vindicat

317 1162 472 1246 apud
503 1172 804 1245 praetorem
831 1161 1012 1223 filium
1041 1183 1211 1224 suum
1238 1182 1387 1235 csse,
1417 1171 1497 1236 et,
1528 1161 1627 1222 isso
1654 1171 1854 1222 contra
1878 1183 2002 1224 non
2034 1165 2190 1224 vin-

319 1257 573 1330 dicante,
607 1256 712 1338 (a)
749 1266 988 1339 praetore
1021 1257 1331 1320 vindicanti
1368 1255 1518 1318 fitiu-
1552 1254 1861 1330 addicitur3
1902 1265 2003 1318 aut
2027 1259 2185 1339 jure

316 1353 678 1436 mancipatur
704 1353 863 1434 patri
879 1395 2168 1416 .....................

317 1542 736 1623 mancipatione
763 1550 845 1604 est
877 1563 890 1601 ε
919 1540 1016 1602 sed
1045 1561 1183 1602 sane
1210 1539 1559 1602 commodius
1584 1548 1669 1600 est
1694 1541 1845 1622 patri
1872 1543 2172 1604 remanci-

317 1638 468 1718 pari.
507 1636 572 1696 In
611 1637 810 1698 ceteris
842 1655 975 1698 vero
1011 1634 1330 1696 liberorum.
1362 1637 1619 1717 personis
1638 1681 1655 1713 ,
1686 1654 1788 1696 seu
1816 1636 2163 1710 masculini,

318 1751 419 1792 seu
465 1733 727 1792 feminini
779 1751 974 1805 sexus,
1015 1750 1131 1791 una
1176 1729 1387 1792 scilicet
1426 1731 1771 1812 mancipatio
1821 1731 2055 1806 sufficit,
2104 1743 2165 1794 ct

317 1834 418 1886 aut
443 1827 908 1906 remancipantur
934 1825 1189 1904 parenti,
1228 1832 1324 1884 aut
1340 1825 1471 1904 jure
1496 1825 1913 1905 mancipantur.
1944 1825 2159 1888 Eadem

317 1926 372 1978 et
397 1919 459 1978 in
483 1919 786 2000 provinciis
813 1915 966 1998 apud
993 1916 1260 1999 praisides
1278 1919 1699 1998 provinciarum
1722 1915 1905 1978 solent
1929 1917 2066 1979 fieri.

402 2021 560 2074 185.
594 2011 704 2082 Qui
731 2031 802 2070 ex
825 2009 944 2070 filio
980 2007 1155 2073 semel
1181 2012 1456 2070 iterumve
1488 2010 1814 2089 mancipato
1851 2018 2155 2092 conceptus

319 2113 431 2177 est,
461 2106 590 2165 licet
617 2111 746 2184 post
773 2104 995 2162 tertiam
1027 2105 1509 2184 mancipationem
1536 2105 1715 2182 patris
1742 2104 1831 2162 sui
1859 2114 2150 2178 nascatur,

317 2203 512 2258 tamen
537 2199 598 2256 in
629 2198 716 2256 avi
747 2205 1020 2276 potestate
1046 2205 1157 2268 est,
1188 2207 1243 2256 et
1268 2197 1395 2258 ideo
1432 2195 1507 2256 ab
1542 2216 1611 2257 eo
1640 2206 1697 2257 et
1726 2200 2067 2280 emancipari
2094 2209 2155 2260 et

317 2292 379 2350 in
415 2289 780 2370 adoptionem
816 2288 942 2349 dari
981 2295 1181 2369 potest.
1212 2289 1285 2350 At
1308 2292 1355 2350 is
1385 2292 1485 2371 qui
1510 2309 1580 2350 ex
1612 2307 1679 2350 eo
1706 2289 1825 2351 filio
1850 2301 2150 2374 conceptus

320 2389 432 2456 est,
471 2384 570 2464 qui
604 2383 666 2442 in
711 2384 876 2442 tertia
917 2384 1340 2464 mancipatione
1376 2390 1487 2456 est,
1526 2402 1643 2443 non
1680 2384 1933 2444 nascitur
1966 2386 2023 2444 in
2056 2389 2148 2446 avi

319 2483 622 2558 potestat03
667 2475 768 2536 scd
805 2495 938 2536 eum
983 2474 1171 2535 Labeo
1212 2475 1442 2556 quidem
1487 2477 1770 2537 existimat
1804 2478 1864 2536 in
1900 2477 2145 2557 ejusdem

317 2570 606 2650 mancipio
641 2588 764 2630 esse
793 2569 954 2649 cujus
982 2577 1038 2627 et
1065 2575 1228 2649 pater
1254 2569 1326 2628 sit
1353 2591 1366 2628 :
1410 2570 1625 2630 utimur
1650 2578 1839 2630 autem
1862 2567 1969 2631 hoc
1986 2571 2141 2650 jure,

317 2673 398 2737 ut,
431 2662 702 2744 quamdiu
729 2669 895 2743 pater
918 2662 1044 2742 ejus
1075 2663 1137 2720 in
1166 2663 1455 2745 mancipio
1482 2664 1569 2736 sit,
1595 2661 1835 2742 pendeat
1856 2665 1951 2744 jus
1976 2665 2088 2742 ejus
2119 2687 2133 2725 ε

317 2765 372 2816 et
399 2757 448 2815 si
475 2755 702 2836 quidem
731 2762 895 2837 pater
919 2755 1044 2834 ejus
1071 2775 1140 2814 ex
1170 2755 1589 2837 mancipatione
1620 2757 1994 2816 manumissus
2017 2759 2133 2829 erit,

301 2847 464 2910 cadit
489 2850 550 2908 in
579 2850 700 2929 ejus
727 2855 1086 2930 potestatem3
1119 2849 1169 2907 si
1197 2865 1330 2908 vero
1359 2848 1432 2922 is,
1471 2846 1609 2908 dum
1634 2849 1696 2906 in
1722 2849 2003 2932 mancipio
2034 2851 2131 2924 sit,

316 2942 639 3016 decesserit,
681 2943 937 3023 suijuris
963 2941 1046 3004 fit.
1079 2941 1150 3002 Et
1174 2941 1245 3000 de
1250 2983 2126 3007 ...............

309 3034 442 3096 licet
443 3077 1840 3099 .......................
1880 3043 1943 3096 ut
1973 3055 2131 3117 supra

313 3127 557 3188 diximus
576 3175 592 3202 ,
621 3129 771 3210 quod
797 3130 854 3189 in
887 3126 1003 3188 filio
1027 3127 1243 3186 faciunt
1266 3134 1378 3186 tres
1400 3128 1864 3208 mancipationes,
1886 3127 1987 3188 hoc
2010 3128 2129 3190 facit

311 3241 428 3282 una
463 3224 810 3305 mancipatio
837 3225 898 3283 in
929 3228 1149 3304 nepote.

397 3326 560 3380 188.
591 3315 806 3381 Mulier
825 3337 950 3400 quw
971 3319 1034 3380 in
1051 3335 1289 3378 manum
1308 3321 1587 3388 convenit,
1610 3316 1727 3376 nisi
1750 3318 2123 3397 coemptionem
