2292 3684
473 150 623 196 mr.
651 152 806 197 rus-r.
841 152 900 196 ι..
929 152 1018 209 111,
1053 150 1112 193 r.
1141 148 1301 193 xxvia
1342 150 1415 193 ns
1443 148 1727 193 usnemu.
1888 131 1989 189 499

153 272 327 313 causa
371 255 680 317 intercessit
725 266 822 317 aut
867 276 978 317 non
1030 254 1423 330 renuntiandi,
1466 264 1563 315 aut
1605 253 1993 334 intempestive

156 349 543 410 renuntiandi.

238 450 354 501 12.
397 440 728 503 Mandatum
770 450 824 503 et
865 446 926 503 in
965 442 1114 503 diem
1165 440 1415 515 differri,
1448 450 1501 503 et
1531 440 1637 503 sub
1676 430 1995 503 conditione

151 532 276 593 fieri
309 546 508 616 potest.

237 638 354 691 18.
387 631 450 691 ln
479 650 734 704 summa,
777 631 1070 693 sciendum
1103 639 1189 693 est
1222 630 1555 693 mandatum
1576 676 1591 703 ,
1632 631 1741 689 nisi
1776 630 1998 710 gratui-

147 727 274 803 tum
311 722 413 794 sit,
453 722 514 783 in
553 722 724 785 aliam
753 722 1004 787 formam
1041 724 1255 805 negotii
1290 724 1491 797 eadere
1520 747 1534 783 ι
1566 742 1707 783 nam
1740 720 1999 783 mercede

142 816 453 878 constituta
477 818 682 898 incipit
707 816 912 881 locatio
940 832 998 881 et
1025 816 1325 881 conductio
1352 838 1492 881 esse.
1526 818 1623 889 Et,
1662 826 1725 877 ut
1762 835 1999 896 genera-

147 906 281 969 liter
333 908 670 985 dixerimus,
719 912 931 993 quibus
975 910 1234 983 casibus,
1279 913 1403 972 sine
1444 910 1705 971 mercede
1740 917 2001 989 suscepto

149 1002 372 1077 officio,
423 1003 675 1064 mandati
725 1016 822 1065 aut
869 1006 1106 1087 depositi
1152 1004 1508 1067 contrahitur
1556 1006 1844 1085 negotium
1865 1048 1881 1075 ,
1926 1004 1999 1062 iis

151 1094 410 1167 casibus,
455 1098 860 1162 interveniente
897 1098 1180 1171 mercede,
1211 1097 1415 1183 locatio
1444 1105 1497 1157 et
1530 1096 1830 1162 ,conductio
1858 1113 2000 1155 con-

149 1188 304 1248 trahi
339 1190 699 1272 intelligitur3
747 1203 800 1252 et
836 1193 990 1263 ideo,
1030 1195 1078 1252 si
1121 1190 1325 1252 fulloni
1364 1189 1631 1272 polienda
1676 1191 1997 1251 curandave

153 1284 490 1343 vestimenta
523 1284 768 1357 dederis,
801 1293 898 1345 aut
925 1286 1261 1345 seminatori
1295 1284 1615 1357 sarcienda,
1652 1282 1811 1343 nulla
1846 1303 1999 1342 mer-

155 1376 290 1437 cede
317 1379 620 1439 constituta
648 1397 832 1460 neque
859 1380 1171 1461 promissa,
1200 1379 1454 1439 mandati
1486 1380 1752 1459 competit
1781 1382 1943 1439 actio.

275 1530 392 1593 Τιτ.
436 1530 644 1595 xxvn.
689 1532 774 1597 Du
813 1550 1235 1599 eameariomsus
1268 1551 1418 1603 Quasr
1450 1550 1525 1595 nx
1560 1550 1877 1597 commem.

233 1650 368 1713 Post
387 1668 598 1731 genera
623 1658 1016 1713 contractuum
1044 1656 1403 1721 enumerata,
1434 1648 1799 1731 dispiciamus
1827 1652 1999 1713 etiam

155 1742 228 1803 de
276 1744 346 1803 iis
390 1742 836 1825 obligationibus
879 1766 1002 1827 quoe
1047 1764 1166 1814 non
1209 1746 1442 1827 proprie
1483 1742 1713 1827 quidem
1754 1766 1821 1805 ex
1862 1766 2005 1807 con-

153 1842 346 1897 tractu
363 1838 524 1897 nasci
548 1836 960 1919 intelliguntur,
983 1838 1080 1899 sed
1103 1846 1315 1913 tamen,
1338 1840 1472 1921 quia
1497 1858 1613 1899 non
1636 1860 1703 1899 ex
1728 1838 2007 1899 maleficio

155 1928 540 1991 substantiam
571 1934 830 2012 capiunt,
863 1937 1025 2015 quasi
1053 1954 1122 2002 ex
1149 1942 1441 1995 contractu
1472 1934 1627 1993 nasci
1657 1932 1939 1995 videntur.

243 2034 308 2083 1.
355 2024 552 2103 Igitur,
601 2036 768 2099 curn,⁴
817 2029 943 2109 quis
985 2026 1235 2087 absentis
1282 2026 1508 2106 negotia
1550 2027 1812 2107 gesserit,
1856 2024 2006 2086 ultro

155 2118 414 2198 citroque
459 2120 608 2179 inter
658 2138 755 2179 eos
805 2131 1115 2183 nascuntur
1170 2122 1421 2182 actiones
1470 2140 1595 2199 quae
1644 2118 2010 2201 appellantur

155 2216 520 2295 negotiorum
561 2222 872 2296 gestorum;
913 2216 1011 2277 sed
1046 2216 1279 2277 domino
1316 2214 1547 2295 quidem
1582 2216 1663 2273 rei
1704 2222 1869 2295 geste
1907 2214 2009 2274 ad-

157 2326 361 2366 versus
387 2327 520 2366 eum
547 2310 644 2389 qni
673 2311 876 2389 gessit,
909 2308 1120 2370 directa
1152 2310 1418 2388 competit
1447 2310 1619 2379 actio,
1650 2310 2007 2389 negotiorum

161 2416 361 2468 autem
397 2410 606 2490 gestori
642 2406 946 2467 contraria.
983 2404 1136 2476 Quas
1165 2420 1235 2461 ex
1260 2398 1420 2459 nullo
1448 2407 1735 2458 contractu
1776 2402 2008 2480 proprie

157 2504 328 2583 nasci
345 2502 710 2563 manifestum
729 2510 812 2563 est
839 2524 850 2560 :
875 2501 1086 2581 quippe
1104 2498 1183 2556 ita
1198 2500 1509 2554 nascuntur
1527 2496 1645 2553 istoe
1667 2495 1931 2561 actiones,
1959 2496 2007 2553 si

158 2600 290 2659 sine
309 2596 578 2659 mandato
599 2600 840 2679 quisque
859 2594 1052 2655 alienis
1075 2592 1317 2673 negotiis
1342 2586 1603 2669 gerendis
1626 2606 1686 2647 se
1705 2586 2004 2658 obtulerit,

157 2714 234 2755 ex
261 2712 380 2774 qua
405 2712 578 2753 eausa
603 2694 642 2750 ii
673 2708 920 2771 quorum
945 2673 1172 2768 negotia
1198 2690 1355 2765 gesta
1380 2682 1621 2753 fuerint,
1654 2684 1826 2741 etiam
1848 2684 2009 2762 igno-

161 2798 360 2850 rantes
393 2786 738 2868 obligantur.
773 2784 945 2864 quue
973 2781 1228 2841 utilitatis
1255 2798 1426 2839 causa
1454 2784 1741 2856 receptum
1780 2783 1895 2847 est,
1936 2794 2011 2836 ne

162 2880 528 2951 absentium,
565 2881 692 2959 qui,
735 2876 921 2937 subita
961 2873 1321 2933 festinatione
1356 2870 1559 2941 coacti,
1599 2867 1743 2928 nulli
1776 2868 2007 2928 deman-

161 2973 298 3033 data
317 2975 678 3053 negotiorum
708 2988 941 3030 suorum
970 2966 1483 3035 administratione,
1508 2982 1743 3043 peregre
1770 2962 2008 3043 profecti

163 3076 386 3139 essent,
430 3066 818 3125 desererentur
851 3062 1078 3142 negotia
1113 3082 1126 3117 ε
1166 3078 1289 3140 quae
1324 3077 1459 3117 sane
1502 3074 1671 3116 nemo
1709 3062 2006 3115 curaturus

163 3171 343 3234 esset,
387 3163 468 3231 si,
502 3159 572 3219 de
599 3178 665 3217 eo
692 3155 846 3238 quod
873 3156 1002 3235 quis
1032 3152 1428 3235 impendisset,
1462 3147 1679 3210 nullam
1706 3146 2007 3207 habiturus

167 3264 314 3315 esset
339 3257 642 3333 actionem.
665 3252 817 3313 Sicut
845 3260 1036 3311 autem
1061 3252 1110 3309 is
1137 3250 1238 3328 qui
1264 3245 1475 3307 utiliter
1501 3244 1735 3327 gesserit
1759 3246 2003 3325 negotia,

167 3347 342 3409 habet
379 3347 698 3429 obligatum
735 3345 1029 3405 dominum
1065 3343 1447 3422 negotiorum,
1480 3341 1556 3396 ita
1595 3348 1647 3396 et
1676 3345 1871 3395 contra
1900 3338 2003 3393 iste
