2292 3684
227 130 376 175 uer.
409 130 558 175 mer.
577 121 637 173 ιζ
659 131 745 189 m,
781 132 835 173 r.
869 132 1038 175 xxm.
1077 132 1154 175 nx
1175 132 1455 175 anemone
1483 132 1850 176 vanni-rmus.
1892 122 1986 176 48⁴

160 251 270 293 non
299 234 392 295 sit.
426 234 620 314 ltaque
645 236 694 293 si
719 234 893 295 homo
919 243 1177 295 mortuus
1205 238 1302 307 sit,
1338 235 1424 295 vel
1454 235 1645 317 aliqua
1674 244 1837 317 parte
1866 254 1997 295 cor-

157 328 313 407 poris
338 326 503 387 laesus
530 326 730 405 fuerit,
759 334 858 387 aut
886 327 1029 389 aedes
1055 337 1213 402 totae,
1243 328 1332 389 vel
1370 328 1561 409 aliqua
1602 349 1671 389 ex
1703 336 1867 411 parte
1898 330 1993 387 in·

159 419 738 502 cendioconsumptae
773 420 1014 491 fuerint,
1057 430 1155 481 aut
1194 420 1407 485 fundus
1440 424 1495 479 vi
1527 421 1780 481 fluminis
1817 429 1995 493 totus,

155 510 241 571 rel
287 510 480 594 aliqua
521 532 592 573 ex
635 521 796 595 parte
843 513 1064 574 ablatus
1113 515 1211 587 sit,
1255 517 1371 575 sive
1414 516 1585 575 etiam
1628 512 1999 577 inundatione

159 624 344 686 aquae,
395 613 493 665 aut
538 604 841 667 arboribus
892 606 1119 667 turbine
1166 606 1395 687 dejectis
1444 576 1615 689 lon⁸ge
1665 610 1857 667 minor
1902 615 2001 667 aut

159 696 404 757 deterior
437 717 558 758 esse
589 700 851 780 coeperit,
891 702 1165 781 emptoris
1202 698 1477 759 damnum
1506 710 1621 774 est,
1652 698 1747 760 cui
1774 720 2001 762 necesse

158 797 271 862 est,
293 789 426 850 licet
451 810 573 851 rem
593 810 712 851 non
737 790 908 851 fuerit
927 801 1161 864 nactus,
1186 794 1434 872 pretium
1458 792 1689 853 solvere.
1718 793 2000 875 Quidquid

155 886 310 944 enim
338 886 461 943 sine
485 883 616 945 dolo
643 892 698 945 et
735 885 906 967 culpa
937 886 1241 947 venditoris
1278 887 1511 959 accidit,
1544 890 1605 947 in
1647 908 1713 949 eo
1743 889 2003 949 venditor

155 999 389 1041 securus
415 986 517 1039 est.
553 978 662 1039 Sed
691 988 771 1054 et,
807 982 855 1039 si
893 990 1022 1063 post
1059 984 1407 1062 emptionem
1441 980 1621 1042 fundo
1658 981 1870 1064 aliquid
1899 1004 2003 1065 per

155 1071 501 1134 alluvionem
547 1076 804 1147 accessit,
859 1075 929 1147 ad
985 1078 1256 1157 emptoris
1314 1076 1672 1138 commodum
1724 1081 1996 1158 pertiuet3

161 1188 298 1227 nam
327 1176 384 1227 et
419 1167 782 1229 commodum
817 1170 941 1247 ejus
967 1188 1090 1229 esse
1126 1170 1318 1244 debet,
1358 1173 1519 1251 cujus
1548 1170 1864 1253 periculum
1898 1180 1998 1232 est.

156 1260 324 1332 Quod
369 1264 417 1319 si
461 1260 668 1343 fugerit
712 1261 886 1322 bomo
924 1264 1022 1345 qui
1062 1264 1269 1335 veniit,
1318 1272 1415 1323 aut
1451 1264 1753 1344 subreptus
1796 1265 1998 1337 fuerit,

161 1356 244 1413 ita
285 1360 349 1412 ut
393 1374 579 1435 neque
625 1352 787 1414 dolus
826 1374 1009 1438 neque
1047 1354 1218 1436 culpa
1267 1355 1572 1417 venditoris
1628 1359 1997 1430 interveniat,

163 1442 732 1505 animadvertendum
755 1445 862 1503 erit
882 1466 954 1505 an
984 1445 1295 1505 custodiam
1316 1446 1437 1525 ejus
1462 1464 1641 1526 usque
1659 1446 1731 1507 ad
1749 1445 2003 1507 traditio-

157 1556 296 1596 nem
332 1534 587 1597 venditor
614 1539 923 1616 susceperit
951 1559 965 1614 ς
997 1557 1136 1597 sane
1164 1539 1319 1598 enim
1344 1540 1395 1597 si
1418 1540 1695 1618 suscepit,
1725 1540 1797 1599 ad
1824 1540 2003 1618 ipsius

155 1628 478 1711 periculum
506 1632 558 1691 is
593 1650 758 1721 casus
785 1633 1060 1710 pertinet3
1094 1632 1142 1690 si
1176 1651 1293 1691 non
1321 1634 1601 1713 suscepit,
1630 1652 1860 1693 securus
1898 1628 1995 1691 est.
2110 1702 2117 1711 ι

153 1725 316 1784 Idem
343 1733 402 1784 et
423 1726 483 1782 in
501 1726 702 1784 ceteris
721 1724 1066 1784 animalibus
1085 1728 1397 1807 ceterisque
1418 1724 1590 1785 rebus
1610 1724 1999 1807 intelligimus.

157 1818 366 1897 Utique
401 1825 594 1876 tamen
632 1816 1066 1877 vindicationem
1104 1820 1185 1877 rei
1215 1828 1268 1878 et
1295 1816 1705 1878 condictionem
1736 1818 2003 1879 exhibere

156 1907 392 1969 debebit
418 1911 686 1992 emptori,
725 1911 859 1990 quia
889 1929 1025 1970 sane
1053 1912 1153 1991 qui
1180 1911 1435 1970 nondum
1464 1930 1584 1970 rem
1600 1907 1855 1990 ‘emptori
1886 1921 2005 1971 tra-

155 2001 326 2073 didit,
371 2002 555 2062 adhuc
590 2002 716 2085 ipse
749 2003 1014 2062 dominus
1052 2014 1152 2065 est.
1192 2004 1346 2064 Idem
1377 2014 1461 2065 est
1486 2006 1656 2066 etiam
1687 2003 1755 2065 de
1782 2006 1921 2065 furti
1950 2014 2005 2065 et

153 2095 230 2155 de
257 2094 453 2155 damni
480 2097 702 2175 injuriae
731 2100 970 2156 actione.

238 2198 308 2249 Δ.
363 2187 590 2267 Emptio
633 2197 749 2247 tam
791 2188 898 2248 sub
942 2187 1295 2261 conditione,
1341 2209 1514 2270 quam
1556 2210 1701 2271 pure
1746 2188 2004 2251 contrahi

149 2272 343 2362 potest
375 2303 390 2339 ι
433 2278 540 2347 sub
588 2281 934 2355 conditione,
985 2281 1197 2370 yeluti:
1242 2301 1291 2341 st
1336 2281 1557 2343 Sricaus
1601 2302 1753 2344 ima
1797 2297 2002 2345 ctam!

155 2394 296 2434 mim
323 2393 428 2435 rim
453 2392 760 2446 uacuum-r,
792 2394 911 2435 nau·
936 2395 1040 2435 ‘rm
1066 2394 1266 2435 Burrus
1290 2394 1473 2436 Ananis
1497 2395 1609 2436 τοτ.

239 2479 310 2529 5.
343 2468 492 2527 Loca
516 2487 676 2528 sacra
702 2467 790 2528 vel
817 2468 1112 2550 religiosa,
1141 2471 1277 2528 item
1302 2467 1553 2548 publica,
1587 2468 1758 2530 veluti
1786 2471 1996 2541 sorum,

155 2560 487 2633 basilicam,
535 2560 747 2619 frustra
791 2564 917 2642 quis
960 2563 1141 2621 sciens
1185 2564 1341 2624 emit.
1393 2562 1527 2633 Quae
1570 2572 1761 2643 tamen
1804 2566 1849 2625 si
1894 2586 2001 2646 pro

157 2654 422 2737 profanis
448 2652 537 2714 vel
565 2654 797 2736 privatis
828 2652 1092 2734 deceptus
1119 2674 1155 2712 a
1183 2654 1471 2715 venditore
1504 2660 1737 2727 emerit,
1766 2656 2003 2717 habebit

157 2751 444 2807 actionem
479 2764 548 2806 ex
575 2755 792 2827 empto,
825 2746 974 2826 quod
1008 2764 1124 2803 non
1155 2744 1366 2806 babere
1394 2749 1447 2807 ei
1472 2746 1670 2820 liceat,
1702 2758 1762 2807 ut
1796 2769 2001 2811 conse-

159 2847 373 2921 quatur
393 2838 546 2920 quod
563 2858 667 2898 sua
688 2841 919 2898 interest
940 2836 1238 2918 deceptum
1264 2858 1379 2897 non
1404 2859 1540 2901 esse.
1563 2840 1717 2900 Idem
1729 2844 1880 2922 juris
1898 2852 1998 2914 est,

158 2937 209 2995 si
234 2934 532 2997 hominem
559 2931 805 2993 liberum
833 2952 941 3014 pro
969 2952 1131 2992 servo
1164 2934 1382 2993 emerit.
