2292 3684
138 178 292 221 ins-r.
324 178 469 223 msr.
502 178 555 233 ι..
588 180 633 233 1,
656 178 709 226 τ.
730 178 883 227 xxiv.
914 179 987 221 os
1012 178 1296 229 sarisam.
1327 178 1450 229 rur.
1477 178 1586 227 ven
1611 178 1806 231 cusu·-
1850 167 1954 225 449

116 280 258 341 solet
286 284 341 342 ei
350 289 594 377 furator
616 282 865 365 adjungi.
902 282 1040 343 Item
1067 285 1127 343 in
1157 283 1345 344 locum
1367 291 1614 344 tutorum
1635 284 1734 363 qui
1757 286 1954 344 nonin

114 385 459 459 perpetuum
476 424 491 450 ,
541 377 641 437 sed
686 378 757 438 ad
797 388 1019 459 tempus
1060 400 1095 439 a
1140 378 1316 439 tutela
1361 388 1726 453 excusantur,
1775 377 1958 439 solent

116 480 411 532 curatores
439 472 582 534 dari.

195 578 265 627 6.
300 566 465 639 Quod
493 569 543 627 si
570 574 722 628 tutor
748 567 984 629 adversa
1014 567 1332 629 valetudine
1359 566 1447 627 vel
1483 566 1596 627 alia
1633 569 1958 627 necessitate

112 660 427 739 impeditur
452 663 757 741 quominus
785 664 1009 741 negotia
1037 660 1242 743 pupilli
1262 659 1660 721 administrare
1681 664 1882 741 possit,
1905 670 1960 723 et

118 752 375 833 pupillus
400 754 493 813 vel
520 752 668 815 absit
696 753 782 815 vel
805 755 995 815 infans
1022 757 1120 827 sit,
1149 776 1317 836 quem
1351 753 1481 815 velit
1511 762 1783 827 actorem,
1813 756 1960 835 peri-

121 846 249 907 culo
296 849 476 929 ipsius
524 851 759 929 tutoris,
813 858 1018 930 praetor
1062 851 1151 911 vel
1197 850 1294 931 qui
1341 849 1642 933 provinciae
1700 850 1956 930 praeerit,

122 938 339 1001 decreto
364 944 685 1005 constituet.

248 1094 364 1156 Trr.
394 1095 583 1158 XXIV.
615 1096 697 1159 De
724 1114 1083 1159 seusus-nous
1105 1114 1344 1159 τυτοιιυκ
1371 1114 1472 1157 vm.
1499 1113 1822 1159 cunaroauu.

196 1218 283 1278 Ne
300 1227 493 1279 tamen
510 1219 866 1302 pupillorum
884 1220 1302 1303 pupillarumve
1315 1266 1330 1294 ,
1358 1228 1413 1281 et
1434 1239 1632 1280 eorum
1653 1222 1751 1301 qui
1770 1238 1962 1301 quoeve

112 1314 177 1371 in
206 1315 501 1373 curatione
528 1321 691 1387 sunt,
735 1318 959 1397 negotia
987 1335 1022 1374 a
1055 1313 1336 1375 tutoribus
1372 1312 1796 1374 curatoribusve
1825 1334 1962 1374 con-

120 1417 423 1467 sumantur
462 1404 552 1467 vel
589 1406 1021 1481 deminuuntur,
1066 1418 1225 1469 curat
1253 1414 1461 1489 praetor
1486 1416 1551 1467 ut
1586 1414 1642 1467 et
1671 1414 1884 1467 tutores
1909 1414 1965 1466 et

120 1508 407 1561 curatores
427 1520 497 1561 eo
516 1504 747 1563 nomine
767 1501 1056 1562 satisdant.
1087 1500 1196 1562 Sed
1213 1501 1322 1562 hoe
1341 1520 1458 1561 non
1478 1508 1561 1560 est
1584 1509 1921 1581 perpetuum
1943 1522 1956 1559 :

119 1612 255 1653 nam
284 1601 499 1654 tutores
526 1601 863 1655 testamento
891 1595 1007 1655 dati
1034 1594 1308 1655 satisdare
1335 1614 1452 1655 non
1489 1601 1795 1675 coguntur,
1828 1594 1964 1675 quia

116 1687 257 1749 fides
286 1708 490 1748 eorum
516 1697 573 1749 et
594 1688 883 1769 diligentia
910 1688 1129 1769 abipso
1154 1688 1678 1769 testatorerrobata
1696 1696 1806 1759 est;
1827 1688 1966 1748 item

120 1802 189 1842 ex
214 1784 585 1864 inquisitione
613 1790 827 1843 tutores
854 1780 942 1842 vel
970 1790 1258 1843 curatores
1294 1781 1409 1841 dati
1447 1780 1811 1842 satisdatione
1845 1801 1964 1843 non

120 1884 435 1937 onerantur
452 1921 467 1949 ,
498 1878 633 1958 quia
660 1876 848 1937 idonei
876 1875 1035 1936 electi
1065 1883 1218 1937 sunt.

199 1982 262 2033 1.
306 1970 419 2031 Sed
458 1972 507 2031 si
547 1990 616 2030 ex
658 1978 987 2030 testamento
1028 1968 1117 2030 vel
1152 1972 1518 2051 inquisitione
1551 1971 1663 2030 duo
1705 1969 1965 2052 pluresve

111 2064 229 2125 dati
259 2064 507 2137 suerint,
541 2071 725 2145 potest
758 2085 906 2124 unns
935 2064 1145 2125 offerre
1173 2066 1307 2124 satis
1343 2062 1411 2123 de
1447 2063 1817 2124 indemnitate
1855 2086 1966 2146 pu-

110 2156 239 2240 pilli
270 2157 359 2217 vel
384 2156 751 2218 adolescentis
768 2202 783 2230 ,
808 2164 862 2216 et
888 2158 1172 2217 contutori
1193 2156 1280 2216 vel
1299 2160 1655 2218 concuratori
1681 2156 1968 2239 praeferri,

110 2262 175 2312 ut
203 2251 365 2311 solus
395 2250 781 2324 administret,
811 2250 899 2311 vel
928 2260 990 2310 ut
1016 2258 1278 2311 eontutor
1305 2252 1440 2311 satis
1469 2251 1719 2313 offerens
1747 2274 1965 2336 praepo·

113 2355 294 2407 natur
318 2347 405 2419 ei,
436 2354 489 2405 et
516 2346 639 2428 ipse
667 2343 820 2405 solus
843 2344 1212 2407 administret.
1235 2346 1431 2427 ltaque
1450 2366 1554 2428 per
1575 2367 1633 2407 se
1647 2367 1765 2406 non
1787 2356 1970 2427 potest

112 2449 315 2522 petere
342 2440 481 2499 satis
520 2458 553 2497 a
590 2444 883 2498 contutore
909 2438 998 2499 vel
1037 2450 1408 2501 concuratore
1441 2460 1579 2512 suo;
1620 2440 1719 2500 sed
1758 2441 1968 2502 offerre

112 2534 317 2607 debet,
372 2540 435 2592 ut
478 2531 808 2593 electionem
845 2529 937 2592 det
984 2535 1264 2593 eontutori
1305 2532 1393 2592 vel
1429 2536 1789 2594 concuratori
1828 2554 1964 2607 suo,

112 2638 317 2689 utrum
363 2626 499 2689 velit
543 2628 679 2686 satis
727 2629 979 2737 aecipere
1037 2646 1109 2686 an
1159 2626 1444 2695 satisdare
1469 2627 1659 2701 Quod
1707 2630 1755 2691 si
1801 2648 1969 2689 nemo

112 2742 321 2783 eornm
350 2722 487 2783 satis
514 2720 746 2795 offerat,
774 2721 821 2781 si
842 2715 1087 2809 quidem
1091 2710 1288 2781 adseri
1279 2730 1438 2807 ptum
1459 2693 1628 2781 l'uerit
1653 2743 1685 2781 a
1708 2730 1970 2783 testatore

119 2820 247 2899 quis
276 2820 475 2901 gerat,
508 2812 607 2879 ille
632 2831 833 2901 gerere
859 2810 1059 2887 debet·
1094 2812 1265 2911 qued
1283 2814 1330 2873 si
1359 2834 1474 2877 non
1515 2814 1685 2875 fuerit
1711 2810 1970 2899 adscrip-

118 2918 271 2984 tum,
296 2930 473 2995 quem
498 2908 687 2993 major
704 2929 835 2995 pars
844 2860 1109 2991 elegerit,
1132 2908 1258 2991 ipse
1278 2928 1472 2991 gerere
1493 2896 1688 2983 debet,
1711 2918 1773 2974 ut
1791 2908 1970 2983 edicto

122 3008 383 3087 praetoris
404 3014 658 3071 cavetur.
690 3004 791 3070 Sin
813 3013 1002 3073 autem
1038 3004 1150 3087 ipsi
1189 3010 1400 3073 mons
1425 3003 1794 3075 dissenserint
1816 3006 1972 3072 eirca

126 3099 451 3181 eligendum
478 3119 611 3159 eum
636 3098 734 3169 sel
753 3118 853 3159 eos
892 3100 1009 3180 qui.
1028 3113 1224 3180 gerens
1247 3098 1492 3171 dehent,
1533 3107 1740 3181 pastor
1776 3108 1970 3181 partes

130 3216 260 3255 suas
286 3198 652 3277 interponere
676 3193 855 3254 debet.
880 3194 1114 3254 {dem'et
1138 3196 1200 3253 iu
1219 3192 1486 3277 pluribus
1510 3209 1582 3255 ex
1603 3196 1970 3276 inquisitione

134 3290 271 3351 datis
300 3290 665 3372 probandum
692 3297 809 3360 est,
840 3290 897 3349 id
926 3300 1039 3365 est,
1068 3298 1134 3352 ut
1153 3291 1337 3372 major
1362 3310 1498 3371 pars
1527 3288 1733 3371 eligere
1762 3290 1971 3370 possit,

136 3403 231 3462 per
258 3404 431 3465 quem
459 3382 875 3449 administratio
900 3384 1081 3447 fieret.
