2292 3684
245 2 252 4 “
317 0 360 15 V

342 146 493 190 ruer.
524 148 669 192 msr.
710 149 761 190 1..
795 150 864 206 11,
904 150 959 194 τ.
988 149 1028 192 1.
1069 150 1141 193 ue
1165 150 1448 193 uxvxsiona·
1471 152 1679 193 neuun.
1829 138 1922 194 ⁴⁴⁴

170 387 291 438 n.
358 377 725 458 Singulorum
780 385 971 437 autem
1016 376 1318 437 hominum
1362 376 1558 437 multis
1610 376 1793 436 modis
1845 396 1934 437 res

76 471 236 531 fiunt
282 494 295 529 ε
344 471 721 551 quarumdam
763 474 919 533 euim
962 492 1154 533 rerum
1191 470 1507 532 dominium
1553 472 1938 531 nanciscimur

66 567 217 645 jure
254 564 541 636 naturali,
580 565 763 646 quod,
804 566 951 625 sicut
984 564 1262 635 diximus,
1306 563 1631 643 appellatur
1661 565 1758 643 jue
1791 582 1934 645 geu-

70 660 268 729 tirum
321 658 701 738 quarumdam
746 659 877 737 jure
920 656 1085 717 civili.
1134 656 1498 716 Commodius
1546 664 1630 716 est
1667 657 1859 737 itaque
1901 676 1936 714 a

74 753 400 810 vetustiore
440 752 571 831 jure
618 753 884 833 incipere.
928 749 1125 810 Palam
1163 758 1246 809 est
1275 760 1460 810 autem
1508 752 1777 811 vetustius
1814 769 1935 809 esse

66 846 181 923 jue
212 841 507 917 naturale,
536 842 687 921 quod
714 862 844 903 cum
874 844 997 925 ipso
1020 862 1226 925 genere
1249 840 1502 903 humano
1521 862 1712 902 rerum
1733 850 1935 901 natura

74 936 364 1017 prodidit.
417 936 613 997 Civilia
654 938 807 997 enim
839 937 973 1015 jura
1016 944 1154 997 tunc
1195 955 1315 995 esse
1353 945 1670 1017 coeperunt,
1715 956 1845 997 cum
1882 943 1936 994 et

71 1031 349 1090 civitates
375 1029 569 1103 condi,
602 1037 657 1089 et
686 1030 1049 1112 magistratus
1072 1030 1280 1103 creari,
1305 1038 1360 1091 et
1380 1028 1531 1111 leges
1549 1028 1722 1091 scribi
1749 1048 1938 1111 empe-

70 1132 245 1185 runt.

164 1352 294 1403 ι’.
332 1342 488 1401 Ferae
513 1344 687 1424 igitur
721 1339 942 1415 bestiae,
982 1350 1037 1402 et
1067 1339 1350 1415 volucres,
1383 1348 1438 1401 et
1466 1342 1680 1422 pisces,
1720 1340 1779 1401 id
1815 1349 1934 1413 eet,

69 1437 295 1496 omnia
326 1435 595 1495 animalia
622 1454 747 1519 quoe
774 1436 951 1508 mari,
980 1434 1121 1495 coelo
1150 1444 1204 1495 et
1230 1442 1381 1495 terra
1401 1446 1738 1511 nascuntur,
1765 1435 1938 1495 simul

68 1540 265 1613 atque
294 1528 374 1588 ab
400 1529 592 1611 aliquo
620 1539 787 1610 capta
820 1529 1061 1603 fuerint,
1092 1531 1224 1609 jure
1264 1530 1516 1611 gentium
1558 1532 1746 1589 statim
1787 1527 1939 1591 illius

70 1644 209 1685 esse
253 1624 543 1705 incipiunt
580 1644 594 1682 ε
640 1622 792 1705 quod
830 1624 985 1684 enim
1024 1631 1156 1683 ante
1198 1620 1410 1683 nullius
1450 1631 1558 1696 est,
1595 1622 1654 1683 id
1693 1621 1939 1683 naturali

72 1718 315 1777 ratione
344 1716 645 1797 occupanti
674 1714 1013 1777 conceditur.
1044 1715 1160 1775 Nec
1185 1716 1442 1787 intereat,
1476 1712 1626 1775 ferae
1653 1715 1862 1775 bestiae
1884 1724 1940 1776 et

78 1809 355 1869 volucres
384 1817 579 1869 utrum
606 1810 669 1867 in
697 1827 804 1870 auo
830 1807 1009 1869 fundo
1028 1810 1270 1889 quisque
1296 1808 1510 1889 capiat,
1533 1826 1608 1867 an
1637 1808 1698 1867 in
1729 1806 1934 1870 alieno.

78 1901 277 1961 Plane
320 1903 419 1984 qui
472 1903 531 1959 in
576 1900 827 1960 alienum
876 1899 1117 1961 fundum
1175 1900 1492 1983 ingreditur
1543 1899 1790 1960 venandi
1842 1908 1940 1961 aut

80 1993 425 2076 aucupandi
453 1996 661 2075 gratia,
694 2002 877 2075 potest
910 2014 944 2053 a
979 1993 1237 2068 domino,
1269 1996 1318 2053 ei
1344 1995 1393 2053 is
1426 1994 1758 2075 providerit,
1798 2012 1939 2076 pro-

74 2088 283 2148 hiberi
330 2108 408 2149 ne
456 2087 821 2171 ingrediatur.
876 2080 1160 2169 Quidquid
1205 2096 1395 2151 autem
1441 2110 1637 2153 eorum
1685 2092 1901 2171 ceperis
1919 2136 1936 2164 ,

74 2202 348 2264 eousque
386 2189 547 2243 tuum
586 2203 704 2243 esse
744 2180 1103 2265 intelligitur,
1149 2182 1328 2247 donec
1357 2192 1456 2245 tua
1493 2184 1743 2247 custodia
1779 2205 1938 2247 coer-

72 2287 285 2349 cetur3
314 2296 451 2337 cum
476 2296 608 2337 vero
634 2279 873 2339 evaserit
898 2278 1216 2340 custodiam
1242 2288 1428 2352 tuam,
1451 2281 1592 2339 etin
1620 2279 1938 2341 naturalem

71 2373 421 2433 libertatem
450 2391 510 2431 ae
538 2374 840 2453 receperit,
869 2381 1030 2433 tuum
1060 2392 1182 2433 ease
1208 2372 1440 2447 desinit,
1468 2382 1522 2434 et
1549 2394 1748 2434 rursus
1774 2394 1940 2435 occu-

72 2468 285 2549 pantia
304 2465 389 2525 fit.
408 2466 736 2526 Naturalem
755 2475 942 2527 autem
959 2465 1280 2527 libertatem
1300 2470 1551 2549 recipere
1569 2453 1905 2549 intelligitur
1918 2514 1936 2541 ,

74 2582 221 2621 cum
248 2559 344 2620 vel
376 2560 573 2621 oculos
597 2568 726 2619 tuo's
752 2560 1041 2641 effugerit,
1069 2561 1264 2623 velita
1291 2563 1362 2623 sit
1386 2564 1448 2621 in
1477 2571 1781 2648 conspectu
1807 2571 1934 2636 tuo«,

73 2665 149 2717 ut
175 2654 435 2715 difficilis
462 2658 533 2715 sit
555 2657 679 2735 ejus
708 2657 1044 2737 persecutio.

170 2760 292 2813 18.
323 2748 476 2810 Illud
504 2752 797 2832 quesitum
830 2759 939 2825 est,
969 2771 1041 2812 an
1061 2796 1079 2823 ,
1110 2753 1158 2813 si
1186 2752 1306 2812 fera
1333 2752 1620 2815 beetiaita
1647 2752 1940 2815 vulnerata

79 2847 157 2905 sit
187 2854 257 2903 ut
280 2846 414 2924 capi
442 2844 651 2924 possit,
683 2846 872 2905 atatim
900 2853 997 2905 tua
1024 2863 1144 2906 esse
1183 2844 1549 2927 intelligatur.
1583 2844 1939 2920 Quibusdam

86 2938 311 3019 placuit
345 2940 541 2998 statim
586 2958 707 2998 cese
740 2945 927 3010 tuam,
973 2947 1029 2997 et
1064 2959 1314 3021 eousque
1351 2948 1506 2999 tuam
1543 2940 1715 2999 videri
1759 2940 1940 3001 donec

86 3048 221 3089 eam
250 3032 645 3111 persequar-iu
676 3030 827 3112 quod
856 3031 903 3090 si
930 3029 1159 3091 desieris
1186 3034 1474 3114 persequi,
1497 3031 1751 3092 desinere
1777 3042 1936 3091 tuam

84 3144 247 3197 esse,
280 3133 336 3184 et
359 3143 563 3185 rursus
590 3124 711 3183 fieri
742 3126 1090 3206 occupanti&
1122 3124 1233 3186 Alii
1262 3148 1378 3187 non
1407 3125 1569 3188 aliter
1596 3134 1935 3209 putaverunt

84 3232 251 3279 tuam
279 3240 436 3295 ease,
466 3240 641 3301 quam
670 3220 716 3279 si
742 3240 865 3281 eam
894 3223 1126 3302 ceperim
