2292 3684
2268 6 2269 61 1

307 128 409 183 658
602 144 716 184 usn
750 140 896 183 ικετ.
926 144 975 181 ο.
1007 142 1084 197 iv,
1116 126 1466 198 §gleb—⁴66.
1503 134 1852 181 immun.

306 244 464 317 beat,
506 247 705 325 quanti
740 266 808 305 ea
852 266 942 305 res
980 254 1062 306 est
1104 244 1530 311 condemnatur.
1581 243 1690 304 Sed
1726 249 1882 303 aeter
1921 260 2178 323 quoque

306 340 427 397 siue
464 358 635 417 poeua
671 340 961 419 experitur
994 359 1125 399 cum
1163 358 1232 399 eo
1271 341 1368 419 qui
1405 357 1590 419 neque
1621 334 1917 406 exhihere,
1959 354 2176 413 neque

305 432 598 492 restituere
620 434 929 512 quiequam
956 432 1143 505 oflert,
1168 439 1562 513 praeterquam
1583 431 1632 491 si
1659 428 1958 505 ealumuiae
1981 427 2176 507 jndi-

305 526 457 585 einm
478 526 529 584 ei
556 526 885 605 oppositum
912 526 1096 585 fuerit.
1129 529 1380 588 Divom
1403 524 1634 608 quidem
1665 520 1867 585 schole
1886 522 2172 583 auctos-⁸⁰-

304 618 409 679 bus
438 616 633 699 placet
665 618 1079 698 prohibendum
1116 619 1416 694 calumniis
1435 618 1654 701 judicio
1686 637 1818 679 eum
1847 618 1950 699 qui
1981 614 2170 675 anbi-

308 720 465 773 τινα
518 712 922 794 postulaverit,
976 716 1139 795 quasi
1193 714 1303 776 hoe
1365 714 1492 795 ipso
1549 712 1844 773 confessus
1891 710 2170 770 videatur

303 809 605 869 restituere
632 826 693 867 se
719 807 806 867 vel
836 808 1103 869 exhibere
1130 806 1356 869 debere.
1388 806 1496 869 Sed
1524 806 1635 867 alio
1659 808 1791 889 jure
1817 806 2072 877 utimur,
2107 814 2170 864 et

304 909 455 963 reete
458 945 1239 965 .............
1271 940 1276 947 ·
1285 944 2088 966 .............
2147 948 2164 959 .

310 1043 322 1055 .
372 1042 385 1055 .
434 1041 448 1056 .
495 1042 510 1056 .
556 1005 611 1055 et
638 995 921 1056 arbitrum
950 1000 1191 1078 quisque
1220 1042 1235 1057 .
1288 1043 1310 1071 .‚
1356 1039 2086 1070 ............

303 1134 579 1149 .....
631 1099 793 1150 104.
842 1086 1160 1149 Observare
1205 1088 1376 1160 debet
1427 1090 1476 1147 is
1523 1089 1622 1168 qui
1667 1086 1816 1149 uolet
1866 1086 2161 1160 arbitrum

304 1191 527 1263 petere,
558 1184 839 1243 utstatim
871 1194 1054 1263 petat,
1095 1190 1402 1264 antequem
1441 1202 1507 1241 ex
1543 1183 1677 1260 jure
1711 1190 1900 1251 exeat,
1937 1180 2000 1239 id
2039 1189 2157 1253 est,

306 1286 609 1357 antequam
640 1296 681 1334 a
706 1285 957 1354 proetoro
987 1275 1270 1349 discedat;
1315 1295 1440 1337 sero
1477 1278 1630 1335 enim
1673 1272 1998 1357 petentibus
2037 1294 2156 1338 non

306 1366 718 1449 indulgebitur.
762 1382 920 1430 1185.
970 1372 1168 1452 ltaque
1194 1373 1241 1430 si
1275 1369 1570 1431 arbitrum
1607 1390 1726 1431 non
1759 1370 2013 1449 petierit,
2057 1368 2160 1429 sed
2268 1436 2269 1453 ἶ

308 1465 515 1523 tacitus
542 1464 611 1522 de
624 1465 758 1542 jure
786 1466 1017 1535 exierit,
1048 1485 1180 1524 eum
1206 1464 1460 1545 periculo
1487 1484 1580 1523 res
1605 1464 1678 1523 ad
1701 1466 1916 1525 exitum
1945 1463 2162 1544 perdu-

305 1559 465 1615 citur.
500 1556 645 1613 Nam
672 1566 830 1615 actor
866 1566 1135 1637 provocet
1164 1556 1554 1618 adversarium
1581 1558 1908 1638 sponsione,
1935 1559 1992 1616 si
2017 1576 2161 1617 oon-

306 1658 395 1709 tra
430 1649 675 1710 edicium
713 1653 969 1729 proetoris
1006 1670 1125 1710 non
1163 1648 1480 1711 exhibuerit
1517 1658 1616 1709 aut
1652 1669 1770 1712 nou
1799 1652 2113 1710 restituerit
2143 1673 2157 1707 :

303 1744 399 1802 ille
448 1752 638 1813 nutem
676 1744 943 1803 adversus
984 1746 1354 1824 sponsionem
1401 1743 1709 1810 adversarii
1759 1743 2156 1824 restipulatur.
2268 1748 2269 1761 ¹

306 1837 516 1897 Deinde
535 1848 692 1897 actor
720 1837 948 1919 quidem
973 1840 1300 1918 sponsionis
1308 1836 1638 1920 formulam
1655 1837 1768 1896 edit
1792 1837 2154 1911 adven-sarim
2268 1900 2269 1911 ἶ

304 1932 401 1993 ille
428 1932 559 1992 huic
587 1934 831 1992 invicem
860 1932 1318 2011 restipulationis,
1361 1933 1467 1993 Sed
1498 1942 1656 1993 ector
1683 1934 2006 2012 sponsionis
2015 1933 2158 2013 sor-
2267 1912 2269 2051 4

306 2026 475 2087 mulce
508 2027 823 2109 subjicit-et
859 2027 1011 2087 aliud
1042 2027 1322 2107 judicium
1351 2026 1420 2086 de
1465 2048 1527 2086 re
1567 2027 1916 2087 restituenda
1945 2025 2032 2086 vel
2057 2047 2154 2085 ex·
2268 2054 2269 2083 ;

302 2118 588 2193 hibenda,
634 2129 723 2191 ut,
770 2120 818 2178 si
852 2114 1161 2199 sponsione
1187 2122 1404 2191 vicerit,
1444 2119 1557 2178 nisi
1601 2119 1653 2178 ei
1697 2139 1786 2178 res
1822 2118 2155 2179 exhibeatur

304 2220 403 2271 aut
430 2213 783 2285 restituatur,
808 2210 1172 2274 adversarius
1191 2216 1400 2297 quanti
1421 2232 1489 2273 ea
1511 2230 1602 2273 res
1625 2215 1703 2274 sit
1721 2212 2148 2273 condemnetur.

391 2688 554 2737 loe.
604 2674 821 2736 Deinde
854 2674 1164 2755 perficitur
1197 2676 1380 2737 omnis
1427 2694 1518 2735 res
1557 2674 1630 2733 ab
1669 2695 1736 2735 eo
1773 2676 1986 2736 fruetus
2018 2674 2146 2736 lici-

305 2770 508 2845 tando,
552 2768 610 2829 id
654 2778 763 2840 est,
828 2771 1107 2849 tantisper
1144 2772 1203 2828 in
1248 2772 1604 2850 possessione
1643 2772 2035 2843 constituitur,
2076 2774 2136 2831 'si

304 2866 471 2926 modo
513 2863 831 2924 adversario
871 2884 973 2922 suo
1020 2864 1334 2922 fructuaria
1381 2862 1743 2942 stipulatione
1789 2873 2011 2935 caveat,
2049 2869 2142 2927 cui

305 2962 387 3017 vis
416 2967 472 3019 et
506 2966 750 3037 potestas
784 2956 901 3017 haee
932 2960 1104 3031 inest,
1146 2965 1216 3018 ut
1245 2958 1294 3016 si
1330 2942 1534 3017 contro
1560 2961 1750 3037 ipsum
1778 2967 1924 3020 esset
1951 2968 2138 3038 postea

308 3054 781 3131 pronunciatum,
819 3041 1093 3131 possessio
1133 3052 1485 3110 restituatur.
1525 3054 1730 3133 Itaque
1762 3055 1918 3112 inter
1950 3052 2136 3112 adver-

306 3145 517 3213 serioS,
553 3146 647 3224 qui
672 3152 917 3223 praetore
944 3152 1173 3203 auctore
1214 3152 1467 3223 certent,
1497 3146 1781 3215 contentio
1817 3144 2024 3205 fructus
2057 3144 2132 3205 li·-

305 3240 585 3298 citationis
617 3248 728 3309 est,
761 3237 975 3299 scilicet
1001 3240 1136 3319 quia
1160 3238 1462 3299 amborum
1497 3242 1736 3300 interest
1761 3258 2124 3321 possessorem

303 3350 452 3403 esse,
479 3328 621 3388 alter
644 3333 918 3411 tantisper
946 3332 1031 3391 rei
1054 3334 1461 3412 possessionem
1485 3340 1542 3393 ot
1568 3334 1652 3391 rei
1669 3330 1889 3393 fructus
1915 3332 2119 3408 vendin
