2292 3684
203 140 354 183 susr.
381 138 523 181 mr.
553 140 603 180 ι.
631 138 716 192 m,
737 136 794 179 τ.
817 134 960 177 xm.
975 136 1052 177 mr
1067 134 1211 177 sur.
1236 132 1393 176 snv.
1414 134 1467 175 τ.
1490 132 1653 175 xvui.
1672 132 1747 173 nn
1764 130 1878 173 mv.
1933 116 2030 171 “7

287 382 356 432 π.
387 371 474 431 Ex
501 366 722 429 duobus
747 365 856 427 reis
879 321 1243 451 promittendi
1263 364 1405 425 alius
1422 382 1582 447 pure,
1607 362 1751 422 alius
1779 364 1837 420 in
1863 360 2030 435 diem,

206 464 296 527 vel
322 464 430 525 sub
477 464 792 525 conditione
826 460 1069 545 obligari
1096 469 1303 545 potest;
1350 478 1453 519 nec
1490 458 1893 541 impedimento
1935 456 2039 515 erit

208 561 328 620 dies
356 568 455 619 aut
492 559 763 631 conditio,
795 556 1096 637 quominus
1126 555 1199 614 ab
1230 574 1295 614 eo
1326 555 1591 651 qui'pure
1619 549 1898 631 obligatus
1926 556 2035 619 est,

209 662 450 735 petatur.

567 776 681 837 Trr.
709 774 870 838 xvu.
895 774 977 835 De
1006 790 1367 836 smnmrioim
1390 788 1677 833 stnvonuu.

293 892 496 953 Servus
526 912 593 951 ex
621 912 860 974 persona
890 858 1104 951 domini
1126 892 1221 969 jus
1247 886 1550 971 stipulandi
1580 885 1763 945 habet.
1796 882 1901 945 Sed
1938 882 2043 943 he·-

211 984 420 1045 reditas
449 987 508 1045 'm
533 984 817 1065 plerisque
839 1003 1093 1064 personae
1122 980 1369 1043 defuncti
1394 984 1569 1040 vicem
1600 980 1871 1037 sustinet:
1898 976 2045 1036 ideo-

213 1100 326 1161 que
351 1080 506 1160 quod
533 1099 726 1139 servus
755 1078 1122 1139 hereditarius
1147 1085 1279 1139 ante
1309 1076 1519 1137 aditam
1550 1074 1915 1133 hereditatem
1940 1073 2047 1129 sti-

211 1173 466 1254 puletur,
489 1173 740 1253 adquirit
765 1172 1076 1245 hereditati,
1103 1192 1169 1231 ae
1188 1190 1289 1251 per
1306 1170 1415 1231 hoe
1442 1170 1610 1229 etiam
1639 1165 1831 1227 heredi
1856 1172 2047 1245 postea

215 1266 368 1327 fae-to
397 1266 732 1347 adquiritur.

303 1662 360 1711 Ι.
395 1650 522 1711 Sive
547 1661 739 1712 autem
767 1652 1016 1723 domino,
1047 1654 1161 1713 sive
1188 1652 1321 1725 sibi,
1354 1653 1469 1741 sive
1486 1670 1757 1713 conservo
1783 1670 1905 1724 suo,
1938 1652 2051 1713 sive

215 1744 672 1825 impersonaliter
715 1766 908 1807 servus
944 1744 1271 1828 stipuletur,
1316 1745 1546 1807 domiuo
1588 1746 1851 1828 adquirit.
1898 1744 2052 1805 Idem

207 1840 362 1919 juris
389 1848 472 1901 est
496 1848 550 1898 et
576 1841 636 1897 in
657 1838 695 1898 li
705 1840 852 1899 beris
880 1842 979 1921 qui
1004 1843 1062 1899 in
1087 1850 1357 1921 potestate
1379 1842 1552 1921 patris
1574 1848 1727 1921 sunt,
1754 1860 1822 1899 ex
1846 1839 2053 1921 quibus

218 1936 407 1995 causis
434 1934 732 2015 adquirere
758 1942 1010 2015 possunt.

302 2038 374 2089 D.
408 2027 541 2102 Sed,
572 2048 702 2089 cum
731 2029 944 2088 sactum
971 2030 1032 2087 in
1062 2028 1425 2109 stipulatione
1447 2027 1843 2101 continebitur,
1874 2027 2056 2087 omni·-

219 2122 394 2183 modo
424 2142 666 2203 persona
691 2122 1015 2205 stipulantis
1059 2125 1408 2194 continetur,
1447 2123 1614 2184 veluti
1650 2125 1699 2185 si
1735 2142 1928 2185 servus
1956 2124 2083 2183 sti-.

221 2218 454 2297 puletur
474 2227 534 2277 ut
557 2215 667 2277 sibi
695 2220 776 2277 ire
798 2238 962 2297 agere
980 2217 1168 2289 liceat;
1192 2220 1313 2301 ipse
1336 2220 1488 2279 enim
1516 2227 1736 2279 tautum
1764 2214 2059 2301 prohiberi

222 2330 343 2370 uon
376 2308 566 2385 debet,
601 2331 716 2370 nou
754 2312 926 2372 etiam
953 2308 1221 2371 dominus
1248 2312 1389 2391 ejus.

307 2412 376 2464 ³.
412 2403 614 2463 Servus
652 2405 966 2465 communis
1003 2404 1326 2485 stipulando
1362 2405 1663 2485 unicuique
1698 2402 2059 2466 dominorum

225 2518 337 2583 pro
366 2500 622 2581 portione
651 2498 886 2559 dominii
913 2497 1189 2583 adquirit;
1223 2500 1333 2559 nisi
1352 2502 1516 2581 jussu
1544 2500 1712 2558 unius
1738 2520 1933 2561 eorum
1963 2508 2061 2559 aut

219 2594 567 2655 nominatim
599 2596 689 2655 cui
711 2612 906 2653 eorum
940 2591 1240 2675 stipulatus
1268 2602 1351 2653 est
1377 2617 1389 2654 :
1413 2603 1547 2653 tunc
1575 2594 1726 2653 enim
1752 2596 1805 2653 ei
1832 2592 1937 2655 soli
1965 2592 2062 2655 ad-

225 2688 500 2771 quiritur.
540 2686 702 2759 Quod
746 2706 940 2747 servus
984 2688 1301 2749 communis
1343 2686 1670 2769 stipulatur,
1710 2687 1759 2747 si
1797 2687 1956 2749 alteri
1993 2708 2063 2749 ex

226 2782 476 2843 dominis
519 2780 740 2861 adquiri
785 2802 902 2841 non
953 2791 1163 2864 potest,
1214 2780 1461 2843 solidum
1508 2780 1669 2841 alteri
1715 2778 2058 2862 adquiritur,

229 2870 403 2931 veluti
433 2872 480 2932 si
507 2889 600 2931 res
627 2889 800 2951 quam
827 2869 950 2932 dari
980 2870 1277 2951 stipulatus
1305 2878 1415 2946 est,
1450 2872 1619 2930 unius
1646 2869 1859 2931 domini
1887 2874 1976 2935 sit.

553 3012 668 3071 Τιτ.
703 3010 892 3071 xvm.
925 3010 1008 3071 Dr.
1035 3028 1297 3069 nivisronr.
1322 3028 1747 3072 surum-noum.

309 3127 754 3209 stipulationum
798 3126 921 3187 aliie
958 3136 1090 3185 sunt
1109 3124 1431 3205 judiciales,
1462 3124 1587 3185 aliae
1612 3128 1913 3207 praetoriae,
1943 3124 2065 3185 alim

231 3221 722 3307 conventionales.
755 3220 876 3281 alim
907 3240 1237 3281 communes
1265 3229 1378 3281 tarn
1409 3222 1681 3300 praetorioe
1713 3240 1885 3301 qnam
1914 3218 2067 3298 judi-

238 3318 426 3379 ciales.
1870 3310 1877 3333 ¹
