2292 3684
28 90 170 132 mer.
194 51 261 132 ἰ.
294 89 370 144 ιι,
405 89 459 130 τ.
484 90 570 131 x1.
609 89 684 130 nn
711 87 966 131 nmium
994 85 1378 130 ‘ms-rusum.
1427 77 1533 133 2⁴9

0 194 99 254 lias
133 192 585 254 innumerabiles
611 210 808 252 causas
836 211 959 271 quoe
988 188 1256 251 humanis
1284 194 1523 252 necessi-

0 290 254 348 :minent

0 380 35 439 d
59 380 177 439 haec
204 378 429 460 quidem
447 376 518 438 de
543 379 892 438 testamentis
913 394 1037 457 quae
1064 377 1124 435 in
1146 378 1368 458 scriptis
1396 398 1528 438 oon-

3 474 66 535 si
85 473 211 553 quis
231 480 421 548 autem
451 473 574 530 sine
601 471 823 551 seriptis
852 467 1091 529 voluerit
1114 469 1380 532 ordinare
1401 473 1528 551 jure

0 575 296 641 amentum,
320 574 536 648 septem
561 564 795 625 testibus
817 562 1084 624 adhibitis
1112 572 1166 623 et
1196 585 1298 624 sua
1326 565 1528 625 volun-

0 679 29 718 u
58 661 138 720 eis
174 668 529 740 nuncupata,
561 658 698 718 sciat
724 656 831 717 boc
859 655 1333 739 perfectissimum
1360 665 1533 719 testa·-

5 774 106 815 ure
133 754 285 816 civili
310 755 655 835 firmumque
680 755 1046 814 constitutum
1079 753 1190 834 (1).

113 891 232 954 Τιτ.
263 892 359 954 XI.
393 893 476 953 De
503 910 738 953 mmm
764 910 1111 954 ‘ramnum-ro.

0 1010 110 1071 icta
163 1010 404 1091 diligens
451 1010 769 1070 observatio
793 1054 808 1083 ,
859 1012 919 1069 in
975 1008 1306 1069 ordinandis
1355 1014 1528 1069 testu-

0 1103 269 1178 1ilitibus,
302 1113 540 1187 propter
566 1105 804 1163 nimiam
844 1105 1218 1184 imperitiam,
1260 1104 1528 1161 eonstitu-

0 1198 378 1280 ·rincipalibus
405 1200 641 1259 remissa
670 1208 776 1268 θείς
805 1218 967 1271 nam,
993 1199 1250 1279 quamvis
1277 1198 1319 1255 ii
1348 1216 1528 1277 neque

0 1316 6 1347 ι
57 1312 359 1351 numerum
401 1294 628 1352 testium
673 1290 1065 1365 adhibuerint,
1128 1310 1312 1372 neque
1359 1289 1528 1348 aliam

0 1403 164 1443 orum
201 1383 612 1444 solemnitatem
654 1384 1105 1455 observaverint,
1143 1392 1288 1442 recte
1329 1381 1533 1442 nihilo-

0 1486 212 1550 tantur‚
247 1476 528 1551 videlicet,
549 1498 680 1537 cum
702 1480 762 1538 in
792 1476 1243 1556 expeditionibus
1273 1477 1528 1557 occupati

0 1569 28 1628 d
55 1573 258 1629 merito
278 1579 473 1630 nostra
492 1573 814 1631 constitutio
835 1570 915 1649 (2)
938 1569 1263 1629 introduxit.
1289 1570 1528 1650 Quoquo

0 1664 43 1722 [o
72 1662 331 1723 voluntas
360 1665 480 1743 ejus
510 1683 774 1743 suprema
804 1666 1151 1736 inveniatur,
1177 1665 1291 1721 sive
1319 1664 1528 1743 scripta

0 1760 296 1839 {criptum
339 1757 486 1818 valet
526 1768 922 1819 testamentum
960 1780 1027 1819 ex
1060 1759 1348 1819 voluntate
1384 1758 1522 1837 ejus.

0 1874 26 1911 1
54 1852 407 1933 temporibus
429 1872 533 1932 per
556 1874 677 1934 quae
698 1900 711 1927 ,
734 1856 875 1913 citra
898 1854 1318 1935 expeditionum
1339 1872 1528 1911 neces·

0 1967 35 2005 n
66 1946 194 2005 aliis
221 1945 358 2006 locis
388 1946 475 2005 vel
515 1948 575 2005 in
613 1950 730 2008 suis
770 1947 983 2008 aedibus
1020 1949 1262 2030 degunt,
1291 1948 1527 2006 minime

0 2039 201 2099 indum
243 2038 355 2098 tale
399 2037 755 2120 privilegium
793 2042 1164 2122 adjuvantur;
1202 2042 1297 2101 sed
1338 2042 1526 2101 testari

0 2134 89 2192 stsi
126 2131 579 2192 filiifamiliarum
617 2142 780 2207 sunt,
818 2144 1050 2215 propter
1090 2134 1352 2195 militiam
1389 2155 1525 2194 con·-

6 2230 140 2309 jure
167 2238 359 2288 tamen
390 2231 710 2302 communi,
739 2230 932 2289 eadem
963 2229 1352 2290 observatione
1381 2238 1435 2289 et
1460 2232 1519 2289 in

0 2322 274 2380 *tementis
320 2320 677 2395 adhibenda,
732 2343 903 2403 quam
951 2332 1004 2383 et
1054 2326 1115 2383 in
1171 2325 1520 2386 testamentis

0 2433 37 2473 n
65 2415 321 2494 proxime
350 2416 726 2494 exposuimus.

3 3221 71 3348 (L.
99 3223 242 3347 25¹5„
267 3227 331 3269 De
351 3219 453 3271 bon.
478 3236 600 3284 poss.
625 3236 711 3269 sec.
742 3220 834 3272 tab.
856 3220 951 3282 (vi,
978 3220 1073 3284 11).
1096 3219 1233 3283 -(2)
1254 3221 1306 3267 L.
1341 3223 1415 3275 17,
1437 3220 1509 3275 G..

28 3298 94 3341 vt,
119 3291 135 3310 ⁸
212 3319 223 3330 .
