2292 3684
349 111 420 165 70
457 123 575 166 cm
594 124 738 166 msr.
759 125 870 181 c.1‚
899 115 954 179 ss
978 113 1227 168 408443.
1252 125 1325 166 na
1342 122 1539 166 Anorr.
1562 123 1636 164 nn
1658 121 1750 164 me
1768 121 1895 172 omn
1916 121 1972 164 m
1996 120 2181 163 mxu.

431 1074 590 1126 los.
637 1067 809 1128 Nune
851 1065 924 1128 do
951 1063 1042 1128 his
1078 1069 1342 1146 personis
1374 1065 1703 1140 videamus,
1732 1084 1861 1150 quo
1901 1063 1967 1126 in
2000 1082 2193 1126 manu

345 1167 550 1221 nostra
578 1169 718 1222 sunt
739 1180 760 1220 .·
793 1160 947 1242 quod
972 1169 1029 1221 et
1055 1163 1247 1242 ipsum
1274 1163 1372 1242 jun
1402 1163 1705 1244 proprium
1738 1161 1945 1222 civium
1972 1159 2192 1220 Roma-

345 1271 554 1313 norum
577 1259 678 1314 est.
769 1261 929 1314 100.
963 1252 1072 1314 Sed
1099 1254 1161 1314 in
1190 1262 1464 1336 potestate
1498 1253 1731 1336 quidem
1768 1261 1826 1314 et
1848 1251 2093 1314 masculi
2134 1261 2194 1312 et

351 1346 569 1406 feminas
599 1365 720 1406 esse
739 1345 940 1418 solent,
972 1349 1033 1405 in
1061 1365 1300 1411 manum
1337 1356 1527 1410 antem
1550 1347 1775 1408 faminoe
1796 1353 2023 1410 tantum
2046 1365 2192 1406 con-

346 1444 598 1504 veniunt.
689 1451 850 1502 11⁰.
878 1440 1032 1502 Olim
1055 1443 1249 1524 itaque
1274 1442 1457 1502 tribue
1484 1440 1666 1503 modis
1687 1442 1750 1500 in
1780 1459 2017 1501 manum
2044 1457 2190 1500 con-

345 1535 689 1596 veniebant:
727 1555 860 1610 usu,
897 1535 1114 1609 farreo,
1151 1536 1519 1617 coemptione.
1614 1544 1773 1598 ιιι.
1806 1533 1917 1594 Uen
1952 1534 2013 1592 in
2054 1551 2193 1592 ma-

345 1649 488 1690 num
513 1628 887 1692 conveniebat
917 1649 1044 1711 quae
1077 1650 1231 1691 anno
1260 1632 1533 1692 continuo
1549 1636 1730 1711 nupta
1748 1625 2187 1710 perseverabat:

347 1743 483 1784 nam
523 1723 672 1784 velut
699 1743 896 1784 annua
923 1724 1281 1804 possessione
1307 1723 1775 1805 usucapiebatnr,
1800 1724 1865 1784 in
1904 1722 2193 1787 familiam

344 1819 450 1877 viri
485 1816 792 1890 transibat,
825 1817 1066 1898 filiaeque
1092 1817 1281 1878 locam
1312 1815 1624 1879 obtinebat.
1655 1816 1851 1897 Itaque
1884 1813 2007 1897 lege
2040 1815 2192 1876 dno-

345 1909 528 1972 decim
555 1909 886 1972 tabularum
919 1917 1151 1972 cautum
1180 1917 1333 1983 erat,
1362 1911 1413 1972 ai
1456 1929 1571 1991 qua
1597 1907 1773 1970 nollet
1809 1927 1876 1970 eo
1915 1908 2091 1972 modo
2122 1911 2191 1968 in

343 2023 583 2064 manum
607 2004 798 2064 mariti
824 2004 1154 2076 convenire,
1184 2010 1255 2064 ut
1288 2003 1599 2085 quotannis
1632 2003 1895 2062 trinoctio
1923 1999 2150 2064 abesset
2168 2047 2189 2076 ,

343 2103 512 2177 atque
557 2098 644 2158 ita
696 2113 865 2156 ustam
913 2094 1187 2176 cujusque
1228 2097 1367 2156 anni
1414 2096 1869 2177 interrumperet.
1920 2095 2031 2156 Sed
2074 2094 2191 2156 hoc

345 2198 526 2250 totum
546 2190 642 2269 jue
671 2191 880 2268 partim
907 2187 1130 2269 legibue
1150 2187 1441 2250 sublatum
1464 2193 1568 2261 eat,
1594 2189 1805 2270 partim
1830 2189 1959 2270 ipsa
1987 2187 2189 2250 deene-

345 2282 541 2343 tudine
568 2279 954 2342 obiitteratnm
981 2289 1084 2344 eet.
1179 2293 1216 2344 Ι
1234 2293 1339 2344 n.
1372 2283 1581 2344 Farreo
1610 2284 1675 2342 in
1707 2303 1949 2344 manum
1972 2302 2183 2344 conve-

347 2379 512 2437 niunt
537 2395 650 2457 per
691 2374 976 2457 quoddam
1011 2395 1190 2457 genus
1218 2376 1476 2438 sacrificii
1484 2419 1945 2442 ........
1976 2379 2036 2437 in
2066 2397 2187 2458 quo

345 2470 566 2530 sarreus
587 2471 755 2551 panis
783 2467 1122 2530 adhibetur:
1156 2469 1307 2530 unde
1340 2471 1511 2530 etiam
1538 2469 1915 2532 confarreatio
1940 2469 2183 2543 dicitnr3

341 2563 444 2624 sed
481 2563 774 2645 complura
813 2571 1083 2644 proeterea
1119 2563 1291 2644 hujue
1313 2564 1460 2645 juria
1488 2563 1789 2634 ordinandi
1830 2566 2011 2646 gratia
2048 2585 2182 2625 cum

343 2657 510 2716 certis
553 2664 608 2716 et
643 2654 996 2718 solemnibus
1031 2656 1253 2732 vet-bia,
1286 2657 1660 2741 praesentibne
1697 2658 1888 2719 decem
1916 2657 2182 2730 testibus,

345 2759 592 2834 aguntur
619 2759 674 2811 et
696 2751 855 2812 fiunt.
883 2751 1042 2824 Quod
1057 2754 1153 2833 jue
1184 2755 1353 2812 etiam
1376 2754 1581 2813 nostrie
1608 2753 1958 2833 temporibus
1986 2755 2045 2812 in
2073 2773 2183 2814 usu

344 2855 428 2908 est
453 2870 468 2908 ε
504 2866 637 2907 nam
666 2845 926 2908 flamines
954 2844 1218 2929 majores,
1250 2847 1309 2907 id
1336 2855 1443 2923 est,
1470 2845 1677 2920 DialeS,
1705 2847 2011 2918 Martiales,
2044 2851 2182 2922 Qui-
2280 2843 2282 2904 ἶ

341 2941 567 3013 riuales,
593 2943 738 3004 sicut
763 2961 924 3025 reyes
942 2963 1256 3014 sacrorum,
1282 2945 1393 3004 nisi
1422 2943 1541 3004 sint
1566 2941 1937 3003 confarreatis
1957 2948 2183 3027 nuptiis
2281 2959 2282 3006 ἑ

340 3039 488 3109 nati,
509 3039 864 3118 inauqurari
881 3055 1002 3098 non
1028 3035 1298 3098 videmus.
1350 3083 1367 3100 .
1413 3079 1428 3096 .
1453 3035 1829 3096 confarreatio
1835 3079 2170 3101 ......
2281 3033 2282 3038 ’

343 3143 379 3191 1
396 3141 502 3192 13.
548 3130 911 3210 Cocmptione
937 3132 1004 3191 in
1026 3149 1265 3191 manum
1300 3131 1646 3190 conveniunt
1672 3149 1777 3209 per
1802 3131 2179 3211 mancipatio·

341 3243 494 3292 nem,
519 3221 698 3296 idest,
727 3243 830 3304 per
849 3222 1157 3304 quamdam
1179 3223 1575 3304 Imaginariam
1600 3221 1996 3296 venditionem,
2018 3223 2176 3284 adhi-

337 3315 470 3377 bitis
497 3334 614 3376 non
655 3319 844 3376 minus
873 3337 1045 3398 quam
1073 3315 1121 3377 V
1163 3314 1397 3377 testibus
1438 3316 1652 3377 civibus
1680 3317 1950 3376 Romania
1987 3317 2175 3399 pube-
