2292 3684
263 121 414 176 susi.
443 134 586 177 mer.
617 136 668 179 ι.
693 136 782 193 m,
809 136 864 179 τ.
887 137 1054 181 ιιιιι.
1087 140 1161 181 nn
1186 100 1467 181 eunicus
1494 136 1853 181 vnum-non.
1895 124 2003 181 475

247 236 426 296 Plane
459 239 510 296 si
543 239 669 317 quis
703 237 908 299 debere
948 258 1008 299 se
1047 242 1335 321 scripserit
1366 239 1523 321 qnod
1550 243 1607 301 ei
1640 248 2001 303 numeratum

166 348 283 389 non
313 337 430 402 est,
463 328 532 388 de
560 334 798 409 pecunia
829 334 1059 392 minime
1095 344 1393 397 numerata
1428 343 1556 414 post
1580 332 1825 400 multum
1852 342 2001 393 tem-

167 426 322 504 poris
350 427 735 504 exceptionem
762 445 1052 507 opponere
1089 447 1207 486 non
1241 436 1449 509 potest;
1484 428 1589 489 hoc
1616 430 1768 489 enim
1803 432 2002 509 saepis-

165 517 306 575 sime
346 519 708 577 constitutum
741 528 844 579 est.
901 520 990 580 Sic
1027 519 1086 577 fit
1122 510 1187 581 ut
1224 530 1279 581 et
1312 520 1511 595 hodie,
1542 521 1679 580 dum
1715 525 1877 603 queri
1912 520 1997 602 (l)

165 629 280 670 non
306 618 510 691 potest,
547 614 826 693 scriptura
847 612 1159 695 obligetur;
1176 624 1238 675 ‚et
1259 636 1328 674 ex
1346 634 1412 674 ea
1429 617 1679 675 nascitur
1699 616 1997 692 condictio,

164 712 420 763 cessante
447 703 653 763 seilicet
678 702 984 765 verborum
1011 705 1375 788 obligatione.

243 797 488 858 Multum
517 808 704 858 autem
729 808 956 880 tempus
983 802 1044 859 in
1072 800 1181 861 hac
1208 803 1535 882 exceptione
1570 811 1733 862 antea
1769 803 1999 884 quidem

163 911 236 952 ex
267 891 682 973 principalibus
717 892 1211 955 constitutionibus
1238 888 1417 975 usque
1447 894 1519 954 ad
1547 898 2000 977 quinquennium

163 984 526 1065 procedebat.
557 985 667 1045 Sed
695 1006 766 1047 ne
794 975 1095 1048 creditores
1121 987 1332 1048 diutius
1356 990 1576 1070 possint
1603 992 1721 1049 suis
1750 992 2004 1071 pecuniis

163 1078 403 1140 forsitan
445 1079 798 1155 defraudari,
841 1102 945 1163 per
978 1085 1432 1144 constitutionem
1468 1092 1717 1143 nostram
1734 1084 1821 1165 (2)
1860 1093 2001 1145 tem-

161 1194 274 1255 pus
302 1182 646 1235 coarctatum
673 1184 786 1247 est,
817 1172 881 1234 ut
907 1175 1056 1237 ultra
1088 1175 1306 1238 biennii
1338 1186 1519 1242 metas
1545 1176 1871 1259 hujusmodi
1898 1198 1998 1238 ex-

161 1267 349 1348 ceptio
375 1268 610 1329 minime
638 1268 988 1329 extendatur.

523 1419 638 1481 Τιτ.
671 1419 838 1481 xxn.
873 1420 954 1480 Dr
989 1428 1243 1483 consensu
1268 1438 1632 1484 onmuanoun.

243 1548 536 1611 Consensu
576 1550 721 1610 fiunt
763 1549 1138 1632 obligafiones
1182 1555 1242 1610 in
1292 1552 1675 1631 emptionibus
1724 1550 1999 1621 venditio·

161 1641 354 1715 nibus,
380 1641 755 1703 locutionibus
779 1642 1266 1716 conductionibus,
1291 1644 1671 1721 societatibus,
1694 1644 1995 1705 mandatis.

161 1736 295 1796 ldeo
323 1744 516 1795 autem
537 1736 656 1797 istis
683 1737 866 1797 modis
893 1755 1172 1798 consensu
1198 1736 1404 1799 dicitur
1429 1737 1700 1819 obligatio
1722 1738 1997 1809 contrabi,

159 1832 300 1911 quia
334 1824 519 1912 neque
564 1826 874 1913 scriptura,
921 1850 1104 1912 neque
1144 1820 1445 1912 presentia
1484 1832 1812 1894 omnimodo
1856 1852 2003 1915 opus

131 1914 280 1992 ἐκ,
327 1940 396 1983 ac
444 1942 550 1983 nec
588 1924 710 1983 duri
746 1923 1060 2004 quidquam
1096 1942 1323 1983 necesse
1369 1934 1479 1997 est,
1517 1930 1582 1985 ut
1624 1918 2001 1986 substantium

157 2018 350 2099 capiat
380 2016 679 2099 obligat103
713 2016 810 2077 sed
839 2018 1046 2078 sufficit
1073 2036 1171 2078 eos
1196 2018 1294 2098 qui
1321 2020 1610 2099 negotium
1639 2028 1840 2099 gerunt
1864 2038 2003 2079 con-

158 2113 394 2175 sentire.
433 2110 590 2171 Unde
626 2115 772 2171 inter
800 2109 1060 2171 absentes
1091 2130 1317 2192 quoque
1346 2110 1495 2181 *talia
1524 2114 1752 2193 negotia
1779 2120 2001 2173 contra-

155 2204 396 2277 huntur,
437 2201 607 2263 veluti
650 2223 754 2285 per
787 2203 1116 2285 epistolam,
1156 2204 1245 2263 vel
1285 2222 1390 2285 per
1426 2206 1710 2266 nuntium.
1756 2204 1897 2267 Item
1936 2206 1999 2267 in

155 2297 249 2357 his
287 2294 674 2357 contractibus
708 2295 851 2357 alter
886 2295 1046 2355 alteri
1080 2294 1369 2377 obligetur
1396 2298 1456 2355 in
1482 2294 1540 2355 id
1576 2296 1729 2377 quod
1760 2295 1999 2358 alterum

159 2390 325 2451 alteri
353 2410 422 2450 ex
449 2390 602 2450 bono
635 2398 692 2449 et
727 2408 885 2469 aequo
913 2397 1181 2469 praestare
1210 2399 1463 2469 oportet,
1502 2408 1632 2449 cum
1661 2389 1911 2471 alioquin
1938 2392 1999 2451 in

155 2484 469 2546 verborum
499 2483 937 2567 obligationibus
967 2483 1112 2542 alius
1143 2480 1473 2563 stipuletur,
1516 2482 1659 2544 alius
1689 2486 1995 2564 promittat.

519 2815 632 2879 Τιτ.
662 2816 852 2877 xxm.
893 2816 976 2877 Du
1005 2834 1269 2877 nummus
1300 2834 1633 2879 venemens.

239 2934 472 3015 Emptio
508 2940 562 2993 et
601 2932 844 2993 venditio
889 2932 1242 2995 contrahitur
1280 2933 1447 2993 simul
1494 2942 1663 3015 atque
1702 2934 1773 2994 de
1814 2938 1997 3016 pretio

84 3076 98 3089 .
162 3028 519 3100 convenerit,
552 3027 808 3106 quamvis
848 3025 1102 3086 nondum
1143 3028 1387 3107 pretium
1421 3036 1782 3087 numeratum
1820 3030 1893 3087 sit
1932 3048 1997 3089 ac

163 3141 236 3181 ne
275 3118 450 3179 arrha
495 3118 724 3200 quidem
763 3118 892 3179 data
933 3118 1140 3179 fuerit:
1185 3138 1319 3179 nam
1357 3118 1506 3201 quod
1550 3120 1729 3181 errbae
1768 3124 1998 3182 nomine

229 3324 296 3389 (Ι)
328 3324 486 3373 Alias:
516 3325 682 3391 quoeri.
705 3352 757 3360 -
789 3325 857 3389 (2)
889 3326 942 3375 L.
979 3328 1054 3381 14,
1078 3326 1149 3385 C„
1181 3322 1253 3374 De
1270 3341 1361 3372 non
1390 3341 1561 3375 numer.
1588 3342 1752 3389 pecten.
1782 3326 1869 3387 (lv,
1893 3324 1993 3387 ³0).
