2292 3684
354 126 424 181 26
569 163 574 171 -
691 140 828 182 cm.
861 141 1007 184 msr.
1048 144 1098 184 c.
1130 143 1183 199 1,
1220 131 1250 195 s
1280 130 1367 183 Η.
1408 141 1480 183 ns
1510 142 1840 185 unsn'ums.

351 242 600 294 contrario
613 280 628 307 ,
643 243 688 294 si
707 243 864 295 libers
880 244 1197 309 conceperit,
1214 244 1395 296 deinde
1410 245 1591 296 ancilia
1614 246 1801 310 pariat,
1822 246 2023 309 placuit
2049 260 2205 297 cum

352 323 438 387 qui
469 322 694 374 nascitur
710 360 727 387 ,
751 323 966 373 liberum
989 323 1126 374 nasci
1146 341 1162 387 ;
1182 337 1275 374 nec
1296 323 1530 388 interest,
1552 324 1702 386 iustis
1728 325 1918 389 nuptiis
1936 326 2225 390 concepit

349 415 416 454 an
440 404 626 466 vulgo:
655 404 776 467 quin
803 417 906 454 non
933 404 1084 455 debet
1099 404 1359 455 calamitas
1381 405 1556 455 matris
1580 418 1758 456 nocere
1777 404 1823 455 ei
1838 442 1854 470 ,
1876 406 1965 469 qui
1992 403 2053 457 in
2079 420 2235 457 ven-

351 485 432 535 tre
457 483 550 533 est.
576 508 639 520 —
657 486 732 535 Ex
758 482 856 533 hoc
875 483 1146 547 quaesitum
1176 486 1284 547 est,
1308 482 1352 533 si
1375 483 1557 534 anciila
1585 496 1846 548 proegnsns
1880 484 2235 536 manumissa

353 563 451 627 sit,
476 561 656 613 deinde
689 563 872 613 ancille
895 564 1070 627 postea
1101 562 1262 626 facte,
1291 564 1381 615 aut
1411 564 1619 627 expulsa
1656 563 1886 627 civitate,
1914 566 2235 629 pepererit,

354 643 570 695 liberum
594 656 660 693 sn
687 656 886 694 servum
921 643 1114 707 pariat?
1135 644 1201 693 Et
1224 645 1386 693 temen
1408 642 1594 695 rectius
1631 643 1898 707 probatum
1922 647 2037 709 est,
2070 644 2235 695 libe-

352 737 468 775 rum
501 722 638 773 nesci
655 759 672 787 ‚
707 724 759 774 et
796 720 1026 773 sufficere
1049 720 1096 771 ei
1114 759 1131 786 ,
1166 719 1256 786 qui
1286 721 1341 773 in
1375 724 1549 774 ventre
1585 722 1692 787 est,
1728 720 1938 773 liberam
1977 724 2235 774 matrem

355 804 436 856 vel
460 803 624 856 medio
649 805 875 868 tempore
896 802 1156 855 habuisse.

435 1623 705 1683 Libertini
733 1623 830 1703 qui
859 1640 927 1681 ex
946 1622 1103 1701 justa
1128 1620 1394 1680 servitute
1421 1620 1754 1681 manumissi
1782 1626 1931 1679 sunt.

768 1797 1042 1859 nummus,
1067 1794 1157 1846 lib.
1182 1797 1220 1845 I
1252 1793 1654 1847 Institutionum
1676 1792 1767 1859 (1).

421 1896 840 1949 manumissiones
875 1910 1078 1961 quoquc
1102 1897 1230 1961 luris
1260 1899 1489 1962 gentium
1514 1898 1652 1949 sunt.
1682 1898 1776 1950 Est
1808 1898 1978 1949 autem
2014 1908 2215 1949 manu-

361 1977 533 2028 missio
555 1976 620 2027 de
644 1990 798 2027 manu
829 1976 1040 2040 missio,
1067 1975 1122 2025 id
1150 1976 1228 2027 est
1246 2012 1259 2038 ,
1288 1978 1427 2029 detio
1454 1976 1745 2041 libertatis3
1778 1988 1896 2027 mm
1912 2012 1929 2041 ,
1953 1978 2205 2039 quamdiu

355 2059 470 2121 quis
493 2058 546 2107 in
573 2058 820 2108 servitute
841 2058 950 2121 est,
975 2056 1151 2108 manui
1186 2057 1239 2108 et
1280 2058 1516 2129 potestati
1550 2057 1847 2121 suppositus
1872 2057 1978 2114 est:
2010 2070 2205 2109 manu-

359 2138 545 2187 missus
589 2134 829 2187 liberstur
869 2135 1138 2199 potestate.
1183 2139 1308 2195 Quae
1357 2150 1439 2187 res
1476 2150 1507 2187 a
1533 2136 1649 2199 iure
1684 2135 1911 2200 gentium
1952 2136 2201 2199 originem

357 2214 608 2281 sumpsit,
631 2218 809 2281 utpote
825 2229 982 2279 quum
995 2214 1109 2278 jure
1130 2216 1347 2267 naturali
1363 2229 1537 2267 omnes
1558 2216 1703 2266 liberi
1727 2218 2077 2279 nascerentur,
2104 2230 2205 2267 nec

361 2298 493 2347 esset
507 2296 625 2346 nota
641 2295 973 2346 manumissio
985 2332 1003 2359 ,
1023 2307 1179 2356 quum
1196 2294 1417 2345 servitus
1434 2295 1567 2347 esset
1584 2294 1868 2359 incognita3
1891 2294 1979 2345 sed
1998 2299 2205 2359 postes·

361 2386 515 2439 quam
538 2376 653 2438 iure
679 2375 905 2438 gentium
927 2374 1145 2425 servitus
1170 2373 1385 2437 invasit,
1412 2376 1645 2425 secutum
1668 2376 1748 2425 est
1766 2374 2059 2425 beneficium
2084 2388 2201 2425 ma-

361 2454 717 2519 numissionis;
738 2456 791 2507 et
809 2466 970 2519 quum
987 2468 1090 2505 uno
1101 2454 1319 2505 naturali
1340 2455 1545 2507 nomine
1565 2454 1795 2506 homines
1810 2454 2201 2519 appellnt-emur,

353 2533 471 2598 jure
498 2534 725 2598 gentium
740 2534 836 2584 tris
859 2545 1042 2596 genera
1067 2546 1180 2583 esse
1206 2536 1464 2597 coeperunt
1479 2570 1497 2597 ,
1520 2532 1693 2597 liberi,
1717 2532 1871 2585 ethis
1892 2532 2195 2583 contrarium

362 2614 494 2663 servi
507 2649 524 2678 ,
547 2616 601 2664 et
624 2612 837 2664 tertium
853 2624 1010 2675 genus
1032 2611 1233 2676 liberti,
1247 2612 1298 2663 id
1326 2614 1432 2676 est,
1453 2612 1507 2663 hi
1525 2613 1611 2675 qui
1631 2611 1885 2665 desierant
1906 2624 2013 2662 esse
2037 2610 2191 2662 servi.

431 3326 574 3391 (1)L,
602 3332 649 3384 4,
675 3326 761 3388 D„
786 3328 854 3379 De
873 3331 1052 3393 justitia
1081 3338 1126 3377 et
1141 3332 1252 3394 jure
1275 3332 1335 3395 (t,
1364 3334 1421 3396 1).
1524 3335 1529 3341 '
