2292 3684
269 112 434 155 mnu
473 112 638 156 ssu-r.
673 113 726 155 1..
757 114 797 166 1,
828 112 883 154 r.
909 110 1028 153 xxx.
1068 109 1342 151 strumus
1378 110 1449 151 nr
1479 110 1739 164 nunaunt.
1812 98 1911 155 76⁴

56 218 198 298 jam
246 224 537 296 perpetuus
582 213 884 294 sepulturae
943 211 1243 284 traditum,
1293 210 1643 271 solemnibus
1693 210 1921 272 redditis

68 306 374 370 sacrificiis
392 354 408 381 ,
457 328 564 389 per
595 316 816 369 noctem
855 310 918 367 in
945 305 1124 367 alium
1160 305 1457 367 transfer-ri
1494 304 1683 365 locum
1718 314 1916 387 potest.

69 414 144 466 2.
181 402 416 483 ,Corpus
447 403 508 463 in
539 404 822 485 ciuitatem
860 400 1064 461 inferri
1105 420 1227 461 nou
1258 398 1419 472 licet,
1458 418 1531 459 ne
1567 398 1947 475 funestentur,

69 516 248 560 saera
287 495 552 565 civitatis3
603 502 658 555 et
695 496 792 577 qui
839 500 1037 555 contra
1080 513 1149 553 es
1185 491 1379 555 feeerit
1398 536 1415 565 ,
1464 500 1621 553 extra
1663 492 1921 556 ordinem

69 593 346 673 punitur.
426 599 495 655 8..
535 588 618 671 (l)
670 590 828 649 Intra
867 607 1065 649 muros
1107 587 1345 649 civitatis
1380 606 1588 671 corpus
1622 586 1925 669 sepulturae

69 684 210 745 dari
229 702 348 745 non
369 689 578 763 potest,
606 680 691 743 vel
717 682 938 743 ustrina
957 679 1098 741 fieri.
1185 690 1255 741 4.
1283 678 1390 753 Qui
1410 698 1615 761 corpus
1638 688 1923 763 perpetuae

75 775 396 858 sepulturae
409 773 681 835 traditum
701 772 788 833 vel
809 773 881 833 ad
897 783 1120 855 tempus
1135 770 1305 832 alicui
1325 771 1449 832 loeo
1466 773 1925 836 commendatum

76 870 385 931 nudaverit
415 877 470 929 et
506 867 640 929 solis
676 866 849 926 radiis
890 866 1224 939 ostenderit,
1266 854 1558 947 piaculum
1594 868 1921 939 committitg

79 974 261 1047 atque
297 962 453 1037 ideo,
500 964 547 1022 si
583 960 876 1021 honestior
913 961 1121 1034 sit,'iu
1156 958 1435 1035 insulam,
1470 960 1519 1019 si
1543 959 1833 1035 humilior,
1862 964 1925 1021 in

79 1057 386 1119 metullum
421 1057 546 1117 dari
577 1056 738 1117 solet.
825 1065 890 1117 ὅ.
921 1055 1034 1127 Qui
1071 1054 1395 1136 sepulcrum
1436 1053 1794 1128 violaverint,
1830 1065 1928 1117 aut

86 1152 160 1211 de
187 1151 454 1233 sepulcro
478 1149 696 1231 aliquid
729 1148 1081 1221 sustelerint,
1115 1168 1221 1230 pro
1248 1166 1625 1229 personarum
1662 1148 1929 1230 qualitate

82 1254 194 1306 aut
243 1246 306 1303 in
358 1244 652 1305 metallum
693 1242 923 1318 dantur,
972 1250 1070 1303 aut
1123 1244 1186 1301 in
1240 1240 1490 1301 insulam
1538 1242 1924 1322 deportantur.

81 1350 160 1399 ο.
196 1331 308 1408 Qui
329 1336 655 1418 sepulerum
690 1334 940 1397 alienum
968 1334 1257 1416 effregerit
1284 1332 1373 1394 vel
1398 1336 1711 1416 aperuerit,
1752 1352 1932 1421 eoque

83 1438 384 1491 mortuum
421 1450 588 1491 snum
635 1428 954 1490 alienumve
997 1427 1286 1501 intulerit,
1331 1428 1655 1509 sepulcrum
1696 1427 1932 1490 violasse

85 1523 338 1585 videtur.
423 1532 491 1585 v.
535 1522 775 1586 vendito
818 1521 1026 1597 fundo,
1059 1520 1325 1604 religiosa
1356 1521 1481 1582 loca
1518 1522 1591 1583 ad
1618 1532 1932 1605 emptorem

87 1632 208 1677 non
259 1622 583 1689 transeunt,
634 1634 739 1680 nec
777 1619 838 1675 in
877 1614 967 1675 his
1006 1616 1103 1696 jus
1144 1614 1362 1675 inferre⁴
1399 1625 1690 1677 mortuum
1735 1616 1923 1677 habet.

89 1722 162 1776 8.
196 1714 308 1785 Qui
333 1723 704 1774 monumento
717 1708 1034 1792 'inscriptos
1056 1698 1250 1771 situlos
1280 1714 1540 1785 eraserit,
1570 1710 1659 1773 vel
1687 1722 1931 1775 statuam

91 1806 381 1875 everterit,
416 1802 503 1866 vel
531 1805 667 1886 quid
695 1824 764 1864 ex
791 1804 991 1881 eodem
1019 1805 1279 1873 traxerit,
1329 1802 1577 1885 lapidem
1606 1802 1933 1866 colonamve

89 1897 411 1969 sustulerit,
453 1897 776 1977 sepulerum
814 1896 1052 1956 violasse
1087 1894 1327 1956 videtur.
1414 1907 1483 1958 9.
1531 1896 1596 1955 ln
1636 1916 1705 1956 eo
1742 1918 1932 1959 sarco-

91 1992 288 2074 phago
315 1991 550 2052 vel-solo
573 1991 672 2053 ubi
699 2009 908 2073 eorpus
925 1993 1051 2071 jam
1071 1990 1390 2071 depositum
1415 1999 1523 2061 est,
1552 1990 1707 2052 aliud
1726 2010 1957 2077 corpus.

91 2086 298 2155 inferri
343 2106 458 2145 non
506 2094 723 2168 potest;
765 2093 820 2147 et
855 2088 952 2170 qui
996 2083 1250 2146 intulerit
1287 2076 1417 2145 reus
1453 2085 1699 2167 sepulcri
1744 2087 1933 2149 violati

92 2178 370 2261 postulari
408 2188 602 2259 potest.
691 2190 802 2239 lo.
852 2176 961 2251 Qui
997 2176 1249 2237 alienum
1291 2185 1580 2238 mortuum
1614 2180 1925 2259 sepelierit,

91 2275 142 2331 si
167 2275 228 2332 in
257 2271 430 2331 fnnns
463 2272 585 2351 ejus
614 2268 827 2351 aliquid
856 2269 1231 2351 impenderit,
1260 2272 1513 2351 recipere
1534 2270 1600 2331 -id
1627 2272 1697 2331 ab
1725 2273 1932 2333 herede

90 2368 178 2428 vel
208 2386 245 2435 a
273 2374 434 2450 patre
467 2365 560 2425 vel
597 2384 631 2423 a
669 2362 901 2425 domino
938 2371 1144 2445 potest.
1236 2374 1349 2426 n.
1390 2364 1658 2439 Maritus,
1686 2364 1745 2425 id
1781 2366 1931 2450 quod

89 2467 156 2523 in
183 2464 360 2523 funus
385 2462 577 2526 uxoris
605 2456 907 2540 impendit,
937 2480 1004 2519 ex
1023 2459 1151 2519 dote
1172 2454 1416 2519 retinere
1437 2468 1633 2541 potest.
1686 2469 1798 2523 19.
1822 2462 1933 2523 Ne-

95 2578 207 2641 que
255 2556 420 2637 juxta
474 2562 943 2627 monumentum,
1003 2552 1191 2635 neque
1261 2570 1433 2634 supra
1498 2564 1932 2616 monumentum

97 2648 394 2712 habitandi
426 2652 521 2730 jus
569 2656 652 2709 est
691 2672 704 2709 z
737 2650 952 2709 'attactu
998 2648 1153 2707 enim
1194 2650 1631 2708 conversationis
1668 2646 1933 2711 humanm

99 2745 390 2829 piaculum
427 2744 773 2815 admittitur;
807 2751 861 2803 et
889 2742 987 2824 qui
1025 2734 1225 2802 contra
1252 2758 1319 2800 ea
1352 2740 1571 2813 fecerit,
1614 2762 1720 2822 pro
1750 2740 1933 2823 quali-

96 2848 209 2900 tate
265 2858 520 2919 personas
565 2836 652 2899 vel
705 2856 876 2919 opere
929 2834 1161 2919 publico
1216 2834 1305 2895 vel
1359 2834 1552 2900 exsilio
1608 2836 1929 2899 mulctatur.

108 2942 215 2993 18.
264 2932 535 2994 Parentes
573 2938 630 2991 et
661 2928 762 2989 filii
793 2930 1037 3010 majores
1066 2948 1165 2989 sex
1199 2928 1366 2989 annis
1401 2947 1554 2986 anno
1581 2926 1765 3009 lugeri
1798 2950 1935 3012 pos·-

103 3034 262 3101 sunt,
291 3025 544 3085 minores
566 3042 785 3097 mense,
821 3024 1058 3082 maritus
1083 3020 1276 3082 decem
1298 3020 1617 3093 mensibus,
1638 3030 1694 3082 et
1711 3025 1935 3104 cognati

165 3238 236 3303 (1)
265 3237 584 3301 Paragraplms
611 3242 670 3297 3,
697 3242 758 3295 4,
785 3242 836 3295 5,
859 3242 914 3293 6,
942 3242 992 3295 7,
1013 3234 1062 3292 8,
1087 3241 1140 3293 9,
1174 3238 1249 3290 n.
1286 3236 1345 3285 12
1371 3244 1419 3282 et
1454 3234 1513 3283 13
1534 3232 1687 3281 edidit
1718 3236 1937 3297 Cujacius

104 3316 313 3383 (Observ.
337 3329 442 3373 xxi,
473 3314 552 3378 13)
579 3331 633 3363 ex
657 3314 814 3361 codice
838 3315 1104 3361 Vesontino.
1131 3311 1312 3359 Abeunt
1336 3327 1365 3356 a
1392 3313 1555 3358 ceteris
1576 3310 1825 3359 codicibus.
