2292 3684
295 140 616 183 ιυιιι.ιιῐ5τ.
656 138 981 192 1..11,·r.v.
1023 137 1097 178 nn
1121 135 1228 179 usu
1260 137 1330 179 Εἰ·
1355 137 1746 181 memnone.
1831 126 1932 181 ⁴69

124 240 339 301 domino
386 240 552 300 fundi
595 239 865 300 molestus
921 240 1023 311 sit,
1074 258 1258 321 neque
1305 240 1374 298 iis
1421 260 1521 320 per
1565 259 1707 319 quos
1763 259 1938 320 opera
2017 306 2022 315 ,

124 336 321 394 rustica
354 333 528 406 fiunt,
567 332 1017 413 impedimento:
1052 350 1158 391 nec
1187 330 1288 389 ulli
1324 331 1473 389 atii
1451 353 1546 410 Jus
1581 332 1732 412 quod
1767 332 1940 393 habet
1977 316 2016 373 κ

121 436 217 487 aut
240 427 421 489 locare
449 437 546 487 aut
573 426 814 486 vendere
843 433 941 485 unt
968 426 1142 505 gratis
1169 425 1472 485 concedere
1503 434 1719 506 potest3
1744 426 1938 486 cumis

121 523 219 601 qui
242 519 653 581 usumfructum
681 518 877 592 habet,
914 526 1093 598 potest
1118 519 1238 577 haec
1265 520 1458 579 omnia
1489 519 1692 580 facere.

202 625 269 673 ἢ.
301 615 436 673 Item
464 615 513 673 is
542 615 639 694 qui
660 613 873 695 ,aedium
896 632 1061 672 usum
1090 610 1290 685 habet,
1315 612 1584 673 hactenus
1604 615 1702 694 jus
1729 611 1942 674 habere

118 705 475 786 intelligitur,
505 717 566 766 ut
589 708 713 787 ipse
741 714 957 765 tantum
986 704 1232 776 habitet3
1267 726 1370 765 nec
1405 706 1514 765 hoc
1545 707 1639 784 jus
1666 706 1738 765 ad
1767 705 1944 766 alium

123 798 420 861 transferre
436 810 633 881 potest,
655 810 709 861 et
726 802 819 859 vix
838 808 1127 880 receptum
1142 818 1264 867 esse
1283 799 1501 859 videtur
1513 808 1574 859 nt
1591 800 1873 881 hospitem
1893 802 1944 860 ei
1967 784 1989 859 ⁰.

124 896 363 973 recipere
388 894 583 964 licent3
616 894 715 953 sed
743 914 873 953 cum
900 914 1075 954 uxore
1103 914 1206 953 sua
1231 892 1538 974 liberisque
1559 895 1693 967 suis,
1721 896 1855 953 item
1875 893 1946 952 li-

119 988 307 1059 bertis,
328 1006 432 1047 nec
446 1007 561 1047 non
582 987 705 1046 eliis
726 986 921 1047 liberis
940 989 1196 1068 personis
1215 986 1422 1068 quibus
1437 1006 1552 1047 non
1569 990 1759 1047 minus
1774 1006 1946 1067 quem

117 1082 289 1139 servis
309 1082 498 1153 utitur,
518 1078 850 1139 habitandi'
827 1100 923 1159 Jus
942 1079 1141 1151 haben
1160 1089 1217 1140 et
1230 1082 1642 1154 convenienter,
1666 1082 1714 1140 si
1735 1080 1806 1139 ad
1823 1100 1946 1155 mu·

114 1173 311 1235 lierem
338 1162 472 1234 usus
500 1173 701 1233 sedium
722 1177 1025 1255 pertineat,
1052 1194 1184 1235 cum
1203 1177 1411 1235 marito
1439 1177 1491 1234 ei
1515 1172 1774 1235 habitere
1792 1172 1943 1234 licet.

196 1278 259 1329 3.
292 1267 465 1327 ltem'
450 1286 499 1325 ns
520 1265 592 1327 ad
613 1286 784 1347 quem
804 1268 949 1327 servi
971 1286 1105 1327 usus
1123 1269 1390 1347 pertinet,
1413 1269 1536 1348 ipse
1535 1264 1948 1341 tantummodo

113 1362 303 1441 operis
346 1369 517 1442 etque
566 1361 879 1421 ministerio
918 1362 1041 1441 ejus
1088 1362 1170 1421 uti
1215 1370 1442 1443 potest:
1476 1362 1548 1421 ad
1593 1360 1769 1421 alium
1816 1380 1946 1420 vero

112 1454 272 1515 nullo
312 1454 481 1514 modo
516 1459 611 1533 jus
652 1474 819 1515 suum
857 1454 1166 1514 transferre
1193 1458 1248 1515 ei
1273 1474 1599 1516 concessum
1641 1462 1744 1515 est.
1791 1453 1945 1515 Idem

114 1547 326 1608 scilicet
344 1550 495 1627 juris
522 1558 603 1609 est
626 1558 682 1609 et
709 1551 769 1608 in
793 1550 1081 1629 jumentis.

193 1654 253 1703 4.
289 1642 395 1702 Sed
427 1646 470 1701 si
502 1663 799 1723 pecorum,
826 1642 998 1703 veluti
1018 1644 1228 1715 ovium,
1252 1662 1388 1703 usus
1410 1643 1628 1724 legatus
1649 1646 1737 1717 sit,
1761 1662 1944 1724 neque

116 1732 257 1793 lacte
284 1753 469 1814 neque
500 1738 662 1817 agnis
690 1755 874 1817 neque
900 1735 1035 1796 lanu
1061 1744 1248 1796 utetur
1285 1740 1574 1810 usuarius,
1617 1738 1750 1817 quis.
1787 1756 1854 1797 cs.
1883 1738 1945 1795 in

120 1826 303 1886 fructu
340 1837 489 1889 sunt.
531 1828 705 1891 Plane
749 1829 820 1889 ad
858 1829 1282 1891 stercorandum
1328 1851 1530 1912 agrum
1564 1851 1734 1891 suum
1779 1850 1944 1917 peco-

122 1917 277 1978 ribus
308 1923 379 1978 uti
410 1930 613 2001 potest.
1919 1968 1924 1971 -

192 2022 255 2073 ὅ.
284 2012 392 2073 Sed
417 2014 464 2072 si
493 2016 585 2074 cni
602 2014 877 2075 habitatio
902 2014 1085 2097 legata
1106 2018 1222 2077 sive
1241 2016 1432 2099 aliquo
1449 2019 1621 2078 modo
1649 2018 1948 2077 constituta

110 2108 179 2165 sit
186 2126 417 2187 ,neque
446 2127 583 2167 usus
612 2106 856 2181 videtur,
880 2128 1063 2189 neque
1091 2110 1474 2190 ususfructus,
1496 2110 1594 2171 sed
1621 2111 1785 2234 quasi
1813 2130 1946 2192 pro-

110 2206 303 2285 prium
334 2204 605 2287 sliquod‘
582 2226 697 2286 Jus.

186 2298 379 2369 Quam
418 2298 828 2359 habitationem
862 2298 1240 2373 habentibus,
1285 2311 1520 2383 propter
1560 2322 1754 2362 rerum
1795 2301 1948 2362 utili-

106 2400 279 2451 tatem
297 2437 314 2463 ,
349 2392 661 2453 secundum
682 2391 933 2453 Marcelli
960 2396 1298 2455 sententiam
1331 2406 1523 2455 nostre
1549 2395 1828 2457 decisione
1860 2397 1944 2475 (1)

104 2485 475 2565 promulgata
494 2532 508 2557 ,
552 2488 913 2566 permisimus
960 2506 1075 2547 non
1124 2486 1306 2547 solum
1343 2490 1406 2547 in
1453 2509 1520 2549 es
1570 2489 1770 2571 degere
1787 2532 1802 2561 ,
1851 2488 1948 2548 sed

110 2579 283 2637 etiam
315 2578 443 2637 aliis
461 2578 667 2639 locare.

182 2682 257 2733 8.
290 2672 425 2732 Haec
450 2672 520 2733 de
544 2666 927 2746 servitutibus,
958 2682 1013 2733 et
1034 2674 1358 2746 usufructu,
1391 2684 1444 2734 et
1471 2696 1598 2748 usu,
1637 2686 1694 2735 et
1716 2674 1948 2735 habite-

106 2763 263 2824 tione
292 2764 503 2825 dixisse
530 2764 801 2836 sufficiat3
845 2765 913 2825 de
950 2766 1256 2827 hereditate
1297 2776 1512 2841 autem,
1550 2762 1948 2849 et'obligstio-

108 2858 312 2931 nibus,
347 2861 465 2919 suis
492 2858 633 2919 locis
660 2854 1063 2939 proponemus.

187 2956 571 3034 Exposuimus
598 2956 927 3014 summatim
958 2956 1164 3035 quibus
1190 2954 1376 3015 modis
1405 2956 1535 3034 jure
1578 2960 1828 3037 gentium
1859 2977 1948 3018 res

110 3044 279 3105 nobis
301 3046 682 3127 adquiruntur
708 3046 914 3107 :modo
941 3048 1229 3107 videamus
1260 3047 1466 3129 quibus
1497 3051 1676 3109 modis
1696 3050 1946 3132 legitimo

112 3144 167 3194 et
190 3138 349 3198 civili
367 3141 499 3221 jure
527 3138 923 3219 adquiruntur.

182 3331 249 3393 (t)
268 3331 325 3383 1,.
352 3338 473 3396 13,c
496 3370 513 3392 ,
536 3333 606 3381 De
634 3334 783 3397 ususr.
816 3344 857 3383 et
878 3334 1069 3383 habitat.
1103 3340 1198 3397 (m,
1225 3338 1324 3399 33).

1606 3415 1624 3463 4
1640 3414 1670 3463 0
