2292 3684
395 123 542 165 sus-r.
571 122 719 165 ins-r.
758 125 812 165 1..
836 124 899 179 n,
938 124 993 165 τ.
1028 124 1104 165 vi.
1146 124 1220 165 ne
1243 124 1694 167 uscmriomnus.
1863 110 1967 163 ⁴85

194 237 317 287 12.
346 226 577 285 Diutina
600 227 911 307 possessio,
940 206 1071 307 quae'
1092 226 1362 308 prodesse
1389 210 1634 308 ooeperat
1665 225 1960 295 defuncto.

98 326 159 378 et
186 318 397 379 heredi
416 326 471 377 et
496 317 779 379 bonorum
804 322 1113 400 possessori
1136 321 1516 391 continuatur,
1539 318 1667 380 licet
1689 321 1810 401 ipse
1829 320 1968 378 sciat

101 412 401 493 praedium
429 412 692 473 alienum.
727 412 891 487 Quod
922 416 969 473 si
996 413 1089 473 ille
1116 416 1339 475 initium
1359 418 1577 495 justum
1604 411 1964 485 nonhabuit,

96 504 315 565 heredi
360 515 414 565 et
454 504 737 566 bonorum
784 508 1121 587 possessori,
1161 506 1297 567 licet
1335 508 1647 587 ignoranti,
1689 507 1966 587 possessio

104 620 235 660 non
270 600 522 682 prodest.

190 692 366 763 Quod
392 699 587 753 nostra
614 695 934 754 constitutio
960 693 1047 775 (l)
1066 693 1324 754 similiter
1347 702 1402 754 et
1432 695 1490 753 in
1518 692 1965 775 usucapionibus

100 785 415 845 observari
441 788 751 857 constituit,
785 794 847 846 nt
873 794 1131 868 tempore
1159 790 1579 850 continuentur.

204 890 317 941 18.
341 880 496 939 Inter
512 879 859 941 venditorem
882 901 1107 962 quoqne
1126 892 1180 941 et
1199 892 1512 963 emptorem
1531 884 1802 964 conjungi
1825 891 1966 942 tem·

100 994 265 1055 pore
293 973 411 1034 divi
436 974 671 1035 Severus
698 984 753 1035 et
780 976 1101 1036 Antoninus
1128 979 1530 1057 recripserunt.
1893 962 1902 973 ’

194 1079 315 1128 14.
340 1067 537 1129 Edicto
564 1067 675 1127 divi
708 1069 883 1129 Marci
907 1077 1153 1141 cavetur,
1177 1090 1306 1130 eum
1333 1073 1430 1151 qui
1459 1090 1494 1129 a
1521 1069 1656 1129 fisco
1683 1089 1804 1129 rem
1833 1068 1968 1128 alie-

99 1182 257 1221 nam
286 1164 459 1233 emit,
488 1164 534 1221 si
564 1170 691 1242 post
714 1162 1095 1223 venditionem
1125 1165 1582 1245 quinquennium
1615 1164 1962 1244 praeterierit,

102 1274 291 1336 posse
318 1253 616 1315 dominum
646 1258 727 1315 rei
755 1274 859 1335 per
886 1256 1270 1336 exceptionem
1300 1254 1594 1337 repellere.

186 1349 541 1409 Constitutio
570 1357 761 1409 autem
786 1349 925 1410 divae
955 1351 1242 1410 memorias
1272 1350 1516 1411 Zenonis
1543 1349 1627 1430 (2)
1657 1347 1804 1411 bene
1833 1369 1968 1430 pro-

100 1442 303 1521 spexit
339 1443 414 1501 iis
452 1443 550 1522 qui
581 1463 615 1502 s
655 1442 787 1503 fisco
816 1462 921 1524 per
946 1444 1328 1504 venditionem
1357 1454 1457 1504 aut
1482 1444 1845 1505 donationem
1880 1443 1966 1504 vel

102 1536 295 1594 alium
324 1533 557 1613 titulum
584 1533 798 1616 aliquid
826 1539 1141 1617 accipiunt,
1173 1547 1235 1597 ut
1261 1540 1370 1617 ipsi
1394 1537 1622 1619 quidem
1650 1539 1832 1599 securi
1853 1547 1966 1598 sta-

105 1630 215 1687 tim
246 1626 425 1702 fiant,
454 1636 511 1689 et
536 1630 771 1689 victores
808 1630 1050 1689 existant
1068 1675 1083 1697 ,
1114 1631 1232 1689 sive
1260 1632 1649 1710 experiantur,
1682 1632 1798 1690 sive
1826 1649 1968 1690 con-

112 1722 455 1793 veniantur,
486 1720 753 1781 adversus
788 1730 979 1781 autem
1014 1724 1456 1783 sacratissimum
1489 1724 1753 1782 aerarium
1790 1742 1968 1803 usque

115 1812 195 1871 ad
227 1813 671 1893 quadriennium
706 1814 873 1875 liceat
898 1814 1190 1876 intendere
1217 1816 1287 1875 iis
1314 1817 1431 1896 qui,
1463 1834 1570 1896 pro
1598 1814 1851 1875 dominio
1880 1816 1965 1876 vel

116 1906 446 1987 hypotheca
499 1927 697 1968 earum
743 1928 935 1969 rerum
982 1928 1108 1991 quie
1145 1907 1401 1969 alienatae
1448 1918 1606 1982 sunt,
1648 1911 1968 1991 putaverint

114 2000 231 2061 sibi
258 2001 541 2082 quasdem
568 2008 889 2080 competere
913 2004 1182 2062 actiones.

202 2096 411 2155 Nostra
451 2103 638 2156 autem
679 2095 871 2156 divine
906 2098 1230 2157 constitutio
1257 2095 1362 2173 (3),
1395 2116 1568 2177 quam
1605 2116 1790 2176 nuper
1825 2118 1966 2179 pro-

110 2190 507 2271 mulgavimus
525 2234 540 2259 ,
574 2190 743 2249 etiam
771 2188 841 2248 de
865 2189 936 2247 iis
962 2191 1063 2270 qui
1085 2210 1119 2249 a
1149 2198 1344 2249 nostra
1368 2188 1455 2248 vel
1487 2188 1822 2249 venerabilis
1848 2190 1966 2249 Au-

111 2292 297 2363 gustoe
324 2282 497 2343 domo
523 2281 735 2363 aliquid
766 2283 1109 2361 acceperint,
1158 2281 1278 2341 hoec
1316 2284 1508 2341 statuit
1544 2302 1668 2363 quoe
1703 2284 1763 2341 in
1803 2281 1965 2342 fisca-

112 2372 271 2434 libus
300 2372 741 2435 alienationibus
770 2374 1003 2455 praefata
1036 2374 1366 2434 Zenoniana
1406 2375 1802 2437 constitutione
1829 2394 1966 2436 oon·

116 2470 397 2527 tinentur.

192 3267 259 3329 (1)
286 3266 338 3316 L.
372 3284 470 3321 un..
496 3266 570 3322 C..
602 3262 672 3311 D„-
702 3280 885 3325 tuucap.
915 3263 1230 3328 transs—(2)
1259 3262 1309 3313 L.
1335 3266 1382 3313 2.
1420 3266 1468 3315 C.
1497 3262 1563 3312 De
1588 3266 1744 3330 qutedr.
1772 3280 1961 3331 proescr.

135 3332 245 3387 (vn,
278 3334 378 3393 37).
399 3354 465 3367 -·
492 3329 571 3393 (3)
600 3326 652 3377 1..
686 3332 731 3384 3,
762 3328 861 3377 eod.
