2292 3684
813 127 1072 175 Romu
1102 127 1303 171 cxvnr.
1878 122 1979 175 689

135 234 296 298 tibus
329 232 710 311 custodimus,
739 234 820 293 sie
847 240 1070 304 tamen,
1100 238 1191 304 ut,
1220 232 1273 291 si
1304 249 1473 311 quem
1510 228 1719 291 horum
1745 230 1977 293 deseen-

135 330 396 393 deutium
443 327 592 391 filios
633 326 1054 407 relinquentem
1098 326 1247 387 mori
1284 327 1611 406 contigerit,
1640 324 1793 388 illius
1833 327 1982 389 filios

137 430 240 487 aut
265 420 412 483 filius
436 429 538 483 nat
565 420 706 481 alios
731 418 1134 483 descendentes
1162 420 1473 499 inproprii
1501 422 1753 501 parentis
1792 420 1982 481 locum

103 506 116 519 ’
135 514 462 586 succedere,
495 517 612 575 eive
637 512 1062 595 subpotestate
1098 511 1377 584 defuncti,
1410 514 1527 573 sive
1554 532 1665 573 suae
1694 519 1983 595 potestatis

137 611 530 681 inveniantur,
577 614 796 669 tuntum
835 625 907 667 ex
953 604 1265 683 hereditate
1307 608 1600 667 morientis
1648 612 1985 691 accipientes

135 710 698 787 pertem„quotquot
736 702 875 773 siut,
917 708 1191 780 quantam
1234 720 1433 761 eorum
1478 720 1713 780 parens,
1744 706 1795 763 si
1828 707 1983 765 vive·

132 805 260 869 zet,
294 798 584 862 habuisset
617 818 631 855 :
679 814 852 875 quam
888 796 1305 855 successionem
1342 797 1403 853 in
1440 797 1641 876 stirpes
1677 800 1983 878 antiquitas

131 896 370 955 venerit.
409 893 474 953 ln
509 892 618 953 hoc
657 894 812 951 enim
849 889 1046 949 ordine
1085 890 1327 971 gradum
1360 894 1537 971 quari
1566 890 1855 967 nolumus,
1887 894 1987 957 sed

135 1008 272 1049 oum
309 986 442 1047 titiis
473 994 532 1045 et
570 982 799 1045 filiabus
835 1002 905 1045 ex
945 990 1291 1063 praemortuo
1329 982 1445 1043 filio
1484 992 1582 1043 aut
1608 984 1725 1044 fitia
1750 995 1985 1069 nepotes

137 1083 330 1143 veneri
359 1080 673 1150 sancimus,
698 1076 858 1137 nulla
885 1076 1297 1137 introducenda
1322 1076 1677 1150 differentis,
1700 1082 1819 1139 sive
1838 1100 1988 1141 mas—

138 1172 258 1235 culi
287 1174 402 1233 sive
430 1171 656 1235 feminoe
696 1171 833 1241 sint,
867 1177 921 1231 et
957 1186 1056 1229 seu
1091 1190 1161 1228 ex
1198 1167 1579 1229 masculorum
1612 1190 1713 1229 seu
1738 1172 1987 1231 femine-

137 1286 272 1326 rum
321 1265 590 1345 progenie
638 1260 1015 1334 descendant,
1047 1262 1163 1321 sive
1210 1281 1325 1321 suoe
1367 1265 1689 1342 potestatis,
1722 1265 1837 1323 sive
1876 1262 1983 1323 sub

135 1364 414 1441 potestate
457 1358 588 1417 sint.
623 1354 694 1413 Et
729 1352 850 1413 haec
883 1352 1116 1431 quidem
1158 1352 1229 1412 de
1269 1354 1725 1415 successionibus
1748 1356 1986 1417 deseen-

135 1452 396 1513 dentium
419 1449 818 1528 disposuimus.
847 1446 1217 1525 Consequens
1239 1456 1429 1505 autem
1454 1467 1575 1507 esse
1598 1451 1987 1529 perspeximus

134 1556 196 1607 et
229 1544 302 1605 de
341 1540 776 1604 escendentibus
811 1542 1181 1612 constituere,
1212 1539 1499 1619 quomodo
1531 1540 1605 1601 ed
1636 1542 1987 1605 descenden-

142 1642 290 1701 tium
319 1638 732 1699 successionem
761 1642 1052 1695 vocentur.

223 1733 349 1793 Cer.
394 1731 464 1793 11.
507 1730 566 1791 Si
605 1731 779 1810 igitur
826 1728 1126 1789 defunctus
1168 1726 1567 1789 descendentes
1605 1730 1835 1810 quidem
1870 1750 1987 1792 non

141 1826 432 1907 relinquat
474 1822 744 1896 heredes,
777 1830 942 1904 pater
977 1831 1196 1893 autem,
1230 1830 1328 1883 aut
1366 1830 1579 1893 mater,
1613 1832 1711 1883 aut
1749 1823 1845 1884 alii
1880 1844 1989 1907 pa-

145 1929 338 1983 rentes
365 1922 420 1981 ei
447 1918 768 2000 supersint,
799 1914 1066 1975 omnibus
1103 1936 1173 1975 ex
1206 1914 1383 1976 latere
1419 1920 1670 1997 cognatis
1710 1918 1815 1978 hos
1850 1940 1993 1999 proe-

145 2015 292 2097 poni
317 2014 630 2082 sancimus,
651 2012 896 2089 exceptis
923 2008 1060 2069 solis
1088 2008 1361 2069 fratribus
1389 2030 1457 2069 ex
1486 2020 1727 2090 utroque
1757 2020 1989 2093 parente

143 2109 468 2187 conjunctis
493 2104 788 2175 defuncto,
819 2106 966 2163 sieut
999 2124 1103 2184 per
1139 2104 1543 2185 subsequentia
1579 2104 1981 2167 declarabitur.

146 2204 206 2265 Si
249 2211 440 2263 autem
477 2199 712 2282 plurimi
747 2198 1173 2261 ascendentium
1212 2201 1437 2272 vivunt,
1468 2199 1574 2259 hos
1608 2202 1861 2282 praeponi
1892 2204 1990 2281 ju-

147 2296 356 2357 bemus
395 2297 494 2377 qui
536 2295 784 2375 proximi
821 2291 1002 2399 gradu
1042 2293 1437 2372 reperiuntur,
1476 2293 1760 2355 musculos
1800 2303 1857 2355 et
1902 2296 1991 2355 fe-

149 2390 372 2462 minas,
405 2388 520 2447 sive
555 2387 800 2466 paterni,
834 2386 948 2445 sive
975 2386 1219 2443 materni
1248 2388 1377 2445 sint.
1412 2386 1467 2445 Si
1504 2396 1691 2447 autem
1732 2388 1991 2449 eumdem

143 2480 368 2543 habent
397 2480 666 2561 gradum,
695 2498 764 2539 ex
792 2497 953 2558 aequo
979 2476 1127 2539 inter.
1155 2496 1251 2537 eos
1278 2476 1559 2539 heredites
1586 2479 1898 2554 dividatur,
1930 2492 1993 2543 ut

147 2573 508 2637 medietatem
545 2571 774 2653 quidem
811 2572 1091 2650 accipiant
1123 2585 1329 2630 omnes
1348 2592 1383 2629 a
1410 2560 1571 2652 patre
1600 2575 1991 2651 ascendentes,

147 2676 534 2751 quotcumque
573 2666 818 2736 fuerint,
849 2664 1211 2741 medietatem
1252 2666 1384 2725 vero‘
1422 2664 1703 2747 reliquam
1746 2688 1779 2727 a
1812 2678 1995 2730 matre

145 2761 544 2833 ascendeutes,
575 2769 956 2841 quotcumque
991 2776 1090 2819 eos
1129 2760 1375 2818 inveniri
1413 2762 1729 2841 contigerit.
1765 2763 1823 2821 Si
1858 2782 1991 2824 vero

146 2876 283 2917 eum
337 2852 772 2916 ascendentibus
825 2853 1190 2913 inveniantur
1250 2851 1453 2912 fratres
1507 2863 1605 2913 aut
1657 2874 1879 2916 sorores
1922 2877 1993 2917 ex

147 2951 406 3031 utrisque
459 2946 792 3029 parentibus
847 2948 1138 3027 conjuncti
1191 2944 1457 3005 defuneto
1476 2991 1492 3020 ,
1541 2966 1671 3006 cum
1722 2951 1993 3030 proximis
2068 2958 2087 2967 “

98 3050 106 3060 “
145 3043 332 3127 gradu
379 3040 813 3103 ascendentibus
857 3042 1237 3111 vocabuntur,
1284 3048 1339 3099 et
1374 3041 1422 3099 si
1464 3046 1625 3120 pater
1668 3052 1767 3101 aut
1814 3052 1994 3105 mater

145 3140 392 3208 fuerint,
425 3135 720 3197 diuidenda
755 3138 908 3197 inter
943 3154 1042 3195 eos
1081 3137 1293 3217 quippe
1330 3134 1635 3196 hereditate
1680 3138 1991 3199 secundum

145 3250 532 3315 personarum
580 3250 914 3301 numerum,
959 3231 1042 3288 uti
1083 3242 1140 3288 et
1184 3229 1611 3289 ascendentium
1650 3239 1706 3291 et
1748 3224 2001 3292 fratrum

143 3323 358 3407 singuli
385 3306 664 3405 oequalem
690 3320 950 3384 babeant
967 3324 1341 3400 portionem:
1368 3320 1595 3383 nulium
1624 3344 1793 3385 usum
1822 3344 1891 3385 ex
1916 3325 1991 3383 fi-
