2292 3684
302 102 408 157 956
884 114 1158 159 numm
1195 114 1552 156 euenum-A.

286 218 489 297 juvare
532 214 728 289 debet,
778 216 925 275 sicut
968 208 1009 272 .’
1030 255 2075 279 ..................
2149 264 2168 277 .

372 318 539 369 888.
600 306 721 365 Lib.
780 306 824 367 l.
878 307 1322 367 Sententiarum.
1373 308 1526 367 Cum
1573 326 1688 386 quo
1747 312 1954 389 agilior
1999 356 2014 369 .
2071 356 2094 373 .

283 419 399 479 pm
438 398 632 479 proede
680 397 803 461 litis
852 407 909 459 et
950 396 1328 459 vindiciarum
1365 400 1692 465 adversario
1733 444 2086 463 ......
2151 449 2170 462 .

294 494 399 553 si‘
382 512 441 551 in
481 510 783 572 personam
818 492 891 549 sit
918 491 1067 551 actio
1094 490 1131 548 d
1176 536 2092 553 ...............
2157 542 2170 553 .

294 588 355 645 in
384 604 507 645 rem
539 604 642 666 pro
669 582 859 664 prode
886 581 1000 641 liti·
1024 592 1081 643 et
1104 581 1492 645 vindentur-um
1535 630 1552 643 .
1599 628 1614 643 .
1666 630 1680 643 .

290 680 507 741 Actoris
542 685 881 758 procurator
914 696 1032 737 mm
1064 674 1250 739 solum
1273 677 1564 739 absentem
1599 677 1920 759 defendere,
1959 679 2074 740 sed
2101 690 2172 741 et

294 788 417 831 rem
448 778 643 831 ratam
666 769 971 832 dominnm
994 768 1334 829 habiturum
1359 770 1642 831 satisdare
1663 774 1908 850 cogitur.

266 904 275 921 .
374 871 541 922 881.
584 862 925 923 Procurator
952 872 1083 921 ante
1124 884 1162 943 3
1209 909 1223 922 .
1274 908 1288 921 .
1337 908 1354 945 ·.
1399 906 2084 923 ...........
2151 898 2172 913 ·

296 954 551 1033 accipere
589 953 873 1032 judicium
915 998 2080 1015 ..................
2145 1004 2160 1013 .

374 1056 545 1109 888.
590 1048 723 1107 Diei
768 1042 1149 1107 Diocletianus
1183 1056 1240 1106 et
1267 1046 1634 1107 Constantius
1677 1091 2158 1107 ........

290 1140 435 1199 citra
462 1139 797 1201 mandatum
822 1139 1043 1209 domini

297 1276 311 1291 .
352 1266 361 1277 ·
362 1276 619 1291 .....
658 1292 667 1301 ,
666 1278 1113 1293 ........
1159 1231 1389 1293 domino
1430 1252 1465 1292 a
1511 1231 1976 1310 procuratoribus
2023 1230 2160 1291 dis-

294 1328 390 1383 tm
430 1366 994 1385 ..........
1040 1342 1109 1383 ex
1138 1322 1426 1403 superfluo
1447 1331 1638 1383 autem
1659 1342 1744 1396 ea,
1775 1342 1900 1402 quoe
1924 1342 2160 1402 procu-

288 1422 454 1477 rator
500 1460 1029 1478 .........
1072 1416 1416 1497 confirmare
1451 1415 1734 1476 desideras
1765 1436 1780 1473 ε
1809 1434 1946 1475 nam
1973 1417 2156 1496 priu-

248 1584 259 1592 ,
296 1552 1288 1571 ................
1332 1510 1606 1591 temporis
1635 1509 1903 1568 terminos
1923 1528 2150 1591 perpe-

296 1644 313 1659 .
358 1646 375 1661 .
420 1644 436 1659 .
488 1646 502 1661 .
556 1648 570 1661 .
616 1648 638 1699 ⁸.
683 1645 1526 1667 ..............
1571 1604 1748 1665 Mart.
1795 1602 2144 1663 Nicomediae

372 1794 521 1847 888
520 1830 858 1849 ......
902 1787 1273 1851 condemnato
1299 1808 1426 1870 quae
1455 1786 1769 1869 periculum
1803 1787 2142 1869 ignominia*

291 1922 823 1947 .........
868 1928 885 1949 ,.
932 1928 949 1942 .
994 1884 1136 1953 itur;
1173 1883 1313 1961 quia
1343 1900 1528 1961 neque
1567 1880 1834 1941 dominus
1861 1880 2144 1989 condqn-

284 1978 463 2031 παίω
484 1981 569 2033 est
610 2016 1403 2039 .............
1449 1984 1502 2035 ot
1539 1977 1588 2035 si
1629 1976 1884 2055 cognitor
1919 1978 1980 2034 iu
2009 1996 2142 2035 rem

281 2066 449 2125 suem
496 2110 1302 2130 .............
1353 2070 1420 2127 in
1443 2086 1569 2127 rem
1597 2086 1761 2126 suam
1791 2066 1923 2127 dato
1951 2066 2140 2127 bisin

286 2201 1283 2221 ................
1335 2159 1424 2219 vel
1459 2161 1751 2241 cognitore
1789 2160 2142 2221 transfertur

368 2349 535 2401 840.
587 2387 601 2400 .
652 2388 665 2401 .
715 2383 732 2401 .
782 2386 797 2401 .
844 2386 858 2402 .
906 2386 933 2421 .,
970 2388 1305 2403 ......
1333 2342 1518 2421 summ
1555 2342 1870 2423 periculum
1905 2346 2138 2424 inrogat

289 2476 1416 2497 ..................
1481 2438 1830 2517 cognitorem
1879 2436 2129 2517 dirigere

283 2567 301 2585 .
359 2570 371 2583 .
424 2572 437 2585 .
490 2572 505 2584 .
556 2569 571 2585 .
622 2572 635 2585 .
688 2572 701 2586 .
751 2572 765 2587 .
823 2574 837 2587 .
890 2574 903 2587 .
956 2574 969 2587 .
1020 2574 1035 2587 .
1089 2574 1103 2587 .
1155 2550 1236 2587 .·.
1279 2530 1431 2589 actio
1463 2528 2132 2610 populariscognitorem

288 2661 1082 2681 .............
1130 2629 1256 2698 post
1297 2618 1452 2681 litem
1489 2631 1860 2681 contestatam
1887 2621 2132 2684 admittit

284 2754 297 2765 .
350 2752 369 2769 .
420 2754 435 2767 .
480 2754 956 2773 ........
984 2710 1280 2793 judicium
1309 2714 1566 2793 accipere
1611 2716 1846 2794 cogitur,
1881 2717 2130 2780 maxime
2209 2763 2213 2766 .

282 2844 1412 2867 ..................
1461 2818 1484 2867 t
1509 2807 1778 2888 capitales
1805 2810 2126 2869 inimicitias

276 2938 1151 2962 ..............
1207 2901 1560 2979 permittitur
1605 2904 1891 2963 excusatio
1929 2904 2128 2983 cogni-

276 2990 391 3045 tori
438 3032 451 3047 .
496 3031 515 3047 .
568 3035 581 3049 .
636 3034 649 3049 .
702 3036 716 3051 .
766 3037 781 3052 .
825 3036 842 3050 .
888 3036 908 3053 .
962 3037 977 3051 .
1023 2993 1077 3051 si
1119 3001 1412 3071 suspectus
1459 3000 1614 3051 tutor
1653 2992 1984 3072 postuletur,
2031 2994 2126 3055 de-

256 3076 557 3153 semor-em
590 3082 713 3163 eius
750 3089 1011 3161 oportere
1039 3085 1215 3144 etiam
1249 3082 1320 3143 de
1353 3090 1486 3144 rato
1519 3102 1732 3159 cavere,
1766 3104 1839 3145 ne
1868 3104 2120 3146 reversus

274 3166 375 3226 ille
424 3170 555 3249 velit
604 3179 940 3245 retractare,
1007 3173 1162 3256 quod
1218 3186 1406 3234 actum
1459 3184 1563 3237 est.
1623 3177 1743 3237 Sed
1795 3197 1912 3237 non
1935 3177 2116 3259 facilc

266 3276 379 3335 per
412 3273 871 3363 procuratorem,
890 3270 1022 3349 quis
1070 3276 1362 3348 suspectus
1408 3268 1786 3343 accusabitur,
1845 3272 2114 3353 quoniam
