2292 3684
748 122 815 163 ax
852 120 1036 163 antero
1074 120 1144 161 m·
1183 116 1463 161 vunnim:
1923 105 2028 164 88¹7

172 216 278 284 bili
308 217 694 283 emolumento
724 217 978 304 persuasi
1012 240 1102 282 res
1140 238 1272 281 suas
1310 216 1622 283 venderent
1659 224 1781 283 sine
1818 242 2024 297 censu,

176 335 243 379 ac
274 324 403 398 post
430 316 686 377 subsidia
712 324 917 377 nostrae
938 312 1389 376 mansuetudinis
1411 320 1782 396 precarentur
1805 314 2031 401 :itaque

176 410 439 471 versutiis
474 406 793 470 calliditatis
828 404 1150 469 commenta
1177 406 1574 483 miscentibus„
1615 404 1753 469 dum
1787 406 2033 471 insidia-
2061 468 2069 475 .

179 525 311 565 rum
357 502 677 565 fallentium
715 522 833 564 non
872 504 1232 583 suspicamur
1268 520 1503 571 arcana,
1551 519 1659 585 pro
1694 503 2032 565 innocentioe

180 606 389 659 nostrae
417 603 621 656 natura
650 602 867 657 ceteros
904 595 1275 667 oestimantes,
1320 592 1655 656 detrimento
1691 614 1894 657 census
1924 617 2033 656 no-

179 697 371 751 centes
412 689 751 751 levaremus,
786 688 901 747 Has
935 685 1194 759 fraudes,
1238 683 1344 746 hos
1382 682 1574 762 dolos,
1611 687 1753 749 istas
1787 690 2034 771 argutias

178 786 305 869 lege
357 782 763 869 prohibemus,
820 784 1219 845 constitutione
1271 778 1652 858 excludimus3
1714 792 1769 845 et
1823 784 2032 846 idcirco

170 882 341 961 justat
403 877 769 961 providentiae
825 873 1085 938 consulta
1140 874 1553 936 deliberatione
1598 879 1914 949 sancimus,
1973 884 2037 937 ut

180 973 419 1033 omnino
471 972 570 1052 qui
612 979 940 1051 comparat,
986 970 1071 1031 rei
1120 974 1462 1048 comparate
1503 966 1601 1047 jus
1637 962 1937 1050 cog'noscat
1983 976 2040 1028 et

180 1082 447 1135 censum,
494 1082 679 1145 neque
726 1060 894 1123 liceat
943 1060 1113 1121 alicui
1156 1079 1278 1121 rem
1317 1061 1441 1121 sine
1486 1080 1660 1122 censu
1704 1081 2037 1144 comparare

179 1154 273 1219 vel
306 1153 567 1219 vendere.
608 1154 889 1237 {aspectio
924 1163 1114 1215 antem
1154 1150 1385 1235 publica
1412 1151 1502 1214 vel
1530 1151 1738 1215 fiscalis
1780 1174 1900 1216 esse
1936 1154 2040 1215 de-
2095 1178 2103 1185 ·

181 1248 343 1311 bebit
368 1250 476 1311 hac
508 1250 656 1330 lege,
698 1259 760 1309 ut
789 1250 843 1309 'si
882 1244 1098 1329 aliquid
1136 1249 1260 1307 sine
1300 1266 1474 1308 censu
1513 1249 1776 1321 venierit,
1827 1254 1882 1308 et
1913 1254 2042 1329 post

184 1342 260 1403 ab
292 1342 483 1423 aliquo
510 1337 830 1413 deferetur,
860 1340 1120 1400 venditor
1149 1334 1378 1421 quidem
1405 1341 1847 1419 possessionem,
1880 1358 2041 1401 com·
2156 1362 2162 1367 ·

188 1442 425 1517 parator
457 1452 590 1494 vero
630 1430 691 1492 id
726 1431 879 1514 quod
915 1430 1065 1493 dedit
1103 1432 1379 1513 pretium,
1415 1430 1550 1492 fisco
1591 1429 1913 1495 vindicante
1941 1432 2039 1493 de-

185 1524 405 1610 perdat.
452 1525 517 1586 ld
554 1528 724 1586 etiam
768 1522 1035 1585 volumus
1071 1524 1341 1584 omnibus
1382 1524 1636 1584 intimari
1679 1535 1887 1585 nostrae
1925 1524 2043 1585 cle-

190 1620 419 1682 mentiae
476 1618 782 1700 placuisse,
832 1620 1121 1678 neminem
1162 1614 1372 1679 debere
1419 1617 1495 1678 ad
1535 1618 1918 1679 venditionem
1959 1618 2043 1679 rei

192 1710 499 1794 cujuslibet
525 1708 805 1772 adfectare
834 1718 889 1770 et
916 1708 1201 1783 accedere,
1227 1708 1340 1769 nisi
1368 1727 1436 1770 eo
1462 1719 1739 1792 tempore,
1763 1730 1878 1791 quo
1895 1712 2045 1770 inter

188 1805 541 1869 venditorem
570 1814 623 1867 et
653 1812 970 1888 emptorem
999 1810 1322 1866 contractus
1351 1802 1682 1867 solemniter
1709 1804 2043 1887 eiplicatur,

188 1908 347 1962 certa
377 1908 434 1961 et
456 1916 591 1961 vera
619 1900 939 1980 proprietas
966 1900 1169 1959 vicinis
1197 1896 1572 1978 praesentibus
1593 1897 2040 1969 demonstretur-3

192 2014 376 2075 usque
402 1993 639 2075 colagis
680 1994 842 2053 istius
884 1992 1145 2052 cautione
1183 1998 1470 2065 currente,
1516 1999 1610 2065 ut,
1646 1992 1866 2052 etiamsi
1903 1990 2046 2051 sub-

194 2086 357 2148 sellia
394 2085 510 2159 vel,
550 2094 613 2145 ut
639 2084 809 2166 vulgo
837 2086 1030 2156 aiunt,
1062 2103 1298 2145 scamna
1325 2084 1660 2157 vendantur,
1691 2084 2044 2145 ostendendae

196 2180 560 2263 proprietatis
614 2176 879 2259 probatio
942 2176 1317 2258 compleatur.
1379 2178 1528 2239 Hinc
1583 2180 1796 2239 etenim
1855 2179 2049 2259 jurgia

194 2272 379 2335 multa
410 2280 724 2333 nascuntur
741 2318 758 2347 ,
788 2271 923 2331 hinc
951 2273 1315 2353 proprietatis
1337 2273 1475 2353 jura
1503 2279 1884 2345 temerantur,
1912 2272 2048 2332 hinc

196 2367 469 2429 dominiis
497 2364 886 2426 vetustissimis
912 2364 1174 2425 molestia
1203 2370 1601 2447 comparatur,
1633 2382 1765 2426 cum
1804 2366 2048 2427 caecitate

201 2480 598 2543 prepropera,
648 2467 703 2520 et
744 2459 826 2519 rei
876 2459 1242 2540 inquisitione
1286 2456 1571 2541 neglecta,
1626 2457 1751 2521 luce
1798 2460 2048 2522 veritatis

200 2556 444 2627 omissa,
485 2571 589 2614 nec
635 2554 1007 2633 perpetuitate
1046 2554 1294 2633 cogitata
1334 2551 1606 2625 dominii,
1639 2552 1789 2633 juris
1831 2554 2048 2615 ratione

200 2648 552 2731 postposita,
586 2645 659 2704 ad
686 2645 770 2704 rei
808 2646 1291 2727 comparationem
1321 2644 1626 2719 accedunt,
1666 2644 1890 2707 omissis
1921 2664 2052 2707 om—

201 2740 411 2811 nibus,
456 2736 824 2798 dissimulatis
864 2747 1033 2819 atque
1070 2738 1371 2821 neglectis,
1415 2736 1474 2799 id
1517 2745 1835 2823 properant
1878 2746 2051 2824 atque

200 2834 505 2909 festinant,
548 2839 613 2892 nt
639 2850 868 2913 quoquo
906 2829 1074 2891 modo
1114 2826 1394 2893 cuniculis
1431 2831 1620 2892 nescio
1661 2829 1871 2914 quibus
1899 2834 2054 2903 inter

203 2936 523 3010 emptorem
544 2936 600 2987 et
618 2924 966 2986 venditorem
994 2925 1274 2987 solemnia
1302 2924 1662 2987 celebrentur
1687 2948 1700 2987 ε
1728 2945 1858 2988 cnm
1883 2926 2054 3013 longe

203 3024 280 3082 sit
315 3021 548 3095 melius,
594 3020 759 3080 sicuti
796 3016 1070 3091 diximus,
1108 3025 1176 3079 ut
1215 3014 1403 3079 lucem
1441 3018 1689 3079 veritatis
1722 3018 1854 3080 fidei
1891 3022 2055 3081 testi-

202 3115 435 3187 monio,
478 3112 713 3195 publica
752 3132 914 3186 voce,
964 3110 1512 3173 subclamationibus
1547 3113 1777 3196 populi,
1815 3111 2054 3176 idonens

206 3205 467 3269 venditor
496 3203 799 3287 adprobet,
826 3224 939 3285 quo
968 3204 1047 3264 sic
1075 3202 1211 3263 felix
1239 3212 1601 3285 comparator
1627 3214 1799 3288 atque
1823 3224 2055 3269 securus

206 3317 325 3360 oevo
353 3296 623 3361 diuturno
652 3298 952 3380 persistat:
977 3296 1130 3379 qnod
1149 3318 1256 3380 pro
1286 3300 1472 3379 quiete
1493 3302 1663 3361 totius
1687 3302 2052 3364 successionis
