2292 3684
385 144 458 200 ¹72
495 158 608 199 cm
639 156 782 199 msr.
823 159 874 199 c.
905 158 943 214 ι,
982 146 1040 211 §s
1072 144 1449 199 tlt-nsaw
1481 156 1575 197 ms
1602 156 1727 205 ουλε
1758 155 1817 195 m
1850 154 2008 198 nanu
2032 154 2215 196 sun-r.

383 261 574 334 ribus,
599 261 735 320 item
761 258 1102 342 libripende,
1124 267 1343 340 proeter
1364 257 1682 334 mulierem,
1712 278 1957 340 eumque
1984 261 2158 340 cujus
2178 246 2251 317 in

383 374 620 413 manum
642 353 926 413 convenit.

469 457 629 507 114.
674 446 864 505 Potest
905 452 1096 505 autem
1150 445 1563 526 coemptionem
1610 444 1797 505 facere
1844 443 2061 505 mulier
2112 462 2251 503 non

382 539 570 601 solum
611 560 744 600 cum
791 541 996 599 marito
1034 558 1165 612 suo,
1210 536 1308 599 sed
1346 540 1518 600 ctiam
1554 552 1685 599 cum
1731 546 2017 600 extraneo.
2070 536 2251 598 Unde

383 645 482 695 aut
507 634 858 695 matrimonii
890 651 1059 693 causa
1099 631 1251 692 facta
1281 634 1559 714 coemptio
1598 632 1831 707 dicitur,
1873 638 1972 691 aut
2006 629 2247 690 fiduciae

383 748 576 788 causa.
610 728 750 805 Quoe
775 728 930 786 enim
955 745 1090 785 cum
1111 727 1318 786 marito
1339 745 1443 786 suo
1471 725 1607 786 facit
1632 728 2077 808 coemptionem,
2116 724 2243 803 (ut)

384 820 537 905 apud
569 840 702 881 eum
736 820 864 879 filioe
902 819 1026 881 loco
1055 822 1155 893 sit,
1192 819 1400 881 dicitur
1428 822 1778 883 matrimonii
1820 840 1995 882 causa
2032 818 2250 879 fecisse:

381 915 828 995 coemptionem3
873 932 998 995 quse
1038 932 1172 973 vero
1206 911 1442 973 alterius
1472 913 1553 973 rei
1601 933 1771 975 causa
1815 913 1950 974 facit
1992 931 2245 991 coemp-

383 1010 601 1069 tionem
627 1026 756 1068 cum
781 1006 906 1067 viro
931 1025 1033 1068 suo
1045 1052 1067 1084 ,
1097 1013 1205 1068 aut
1230 1025 1363 1066 cum
1388 1016 1683 1080 extraneo,
1716 1006 1869 1069 velut
1893 1004 2082 1068 tutelas
2111 1006 2243 1065 evi-

377 1102 567 1163 tandoe
593 1122 803 1177 causa,
828 1100 1036 1163 dicitur
1070 1100 1288 1162 fiduciae
1331 1121 1503 1163 causa
1546 1101 1743 1163 fecisse
1788 1101 2234 1184 coemptionem.

385 1206 550 1259 115.
596 1194 757 1266 Quod
785 1203 869 1255 est
908 1192 1020 1254 tale
1051 1212 1064 1250 ε
1099 1194 1146 1252 si
1188 1214 1301 1276 qua
1335 1195 1469 1255 velit
1506 1215 1647 1277 quos
1685 1194 1859 1255 habet
1892 1203 2111 1255 tutores
2141 1214 2241 1253 re-

381 1309 623 1371 ponere,
657 1297 722 1349 ut
743 1287 920 1348 alium
944 1289 1324 1362 nanciscatur,
1358 1290 1427 1349 iis
1455 1289 1787 1352 auctoribus
1814 1291 2240 1370 coemptionem

378 1385 546 1455 facit3
597 1382 800 1442 deinde
842 1404 877 1441 a
922 1384 1401 1462 coemptionatore
1441 1386 1827 1466 remancipata
1872 1387 1924 1444 ei
1963 1386 2055 1444 cui
2101 1384 2239 1463 ipsa

379 1476 550 1548 velit,
583 1485 637 1536 et
683 1476 755 1536 ab
801 1495 867 1535 eo
912 1474 1159 1536 vindicta
1203 1480 1556 1538 manumissa
1596 1480 1796 1558 incipit
1841 1498 1971 1538 eum
2012 1474 2239 1535 habere

379 1579 627 1632 tutorem
663 1569 744 1651 (a)
773 1588 886 1650 quo
921 1572 1272 1631 manumissa
1300 1580 1382 1631 est
1410 1594 1422 1630 :
1463 1573 1561 1653 qui
1598 1580 1749 1631 tutor
1782 1570 2109 1632 fiduciarius
2138 1570 2239 1628 di-

385 1670 558 1741 citur,
589 1667 733 1725 sicut
760 1664 1000 1724 interius
1029 1666 1349 1745 apparebit.
1439 1676 1618 1727 115⁸.
1652 1666 1801 1725 Olim
1848 1669 2017 1726 etiam
2056 1674 2238 1725 testa-

384 1762 562 1822 menti
590 1758 835 1821 faciendi
857 1761 1040 1841 gratia
1059 1759 1353 1819 fiduciaria
1378 1758 1549 1819 fiebat
1573 1762 1849 1840 coemptio
1873 1781 1886 1816 :
1911 1770 2045 1820 tunc
2075 1761 2237 1818 enim

341 1920 354 1935 ,
384 1876 504 1915 non
546 1853 708 1913 aliter
746 1852 973 1911 feminae
1012 1853 1329 1911 testamenti
1366 1852 1609 1912 faciendi
1637 1855 1731 1933 jus
1767 1851 2086 1922 habebant,
2128 1872 2237 1911 ex-

387 1950 558 2029 ceptis
585 1944 930 2028 quibusdam
959 1947 1238 2026 personis,
1263 1964 1436 2025 quam
1457 1946 1505 2005 si
1533 1947 1943 2025 coemptionem
1969 1944 2236 2005 fecissent

343 2071 364 2087 =
388 2043 898 2120 remancipatoeque
928 2046 984 2097 et
1017 2038 1379 2097 manumissoe
1418 2038 1676 2099 fuissent.
1710 2038 1817 2099 Sed
1848 2038 2003 2100 hanc
2029 2059 2236 2099 neces-

389 2137 609 2195 sitatem
638 2132 1010 2211 coemptionis
1048 2130 1315 2190 faciendae
1356 2151 1423 2192 ex
1452 2133 1779 2191 auctoritate
1818 2130 1930 2191 divi
1958 2131 2234 2190 Hadriani

391 2238 618 2291 senatus
647 2227 893 2295 remisit3
900 2268 1295 2286 .......
1329 2225 1543 2285 femina
1548 2270 1812 2287 .....
1847 2226 2035 2287 1155.
2071 2227 2236 2286 Licet

393 2332 586 2385 autem
611 2318 821 2380 mulier
846 2318 1064 2378 fiduciae
1091 2338 1262 2379 causa
1288 2340 1419 2380 cum
1442 2322 1565 2382 viro
1582 2340 1683 2381 suo
1712 2320 1906 2381 fecerit
1927 2321 2235 2401 coemptio-

392 2435 558 2487 nem,
592 2411 966 2472 nihilominus
992 2411 1120 2472 filiae
1156 2412 1282 2474 loco
1321 2415 1518 2495 incipit
1560 2432 1707 2485 esse3
1740 2434 1875 2473 nam
1904 2415 1950 2473 si
1994 2416 2233 2474 omnino

394 2508 644 2593 qualibet
671 2527 741 2567 ex
766 2526 938 2567 causa
969 2526 1114 2567 uxor
1139 2508 1200 2567 in
1230 2530 1404 2569 manu
1437 2510 1544 2569 viri
1573 2510 1672 2583 sit,
1702 2506 1916 2590 placuit
1942 2528 2067 2569 eam
2100 2506 2229 2567 filim

377 2604 531 2687 jura
558 2600 826 2660 nancisci.

481 2704 648 2757 no.
693 2692 962 2773 Superest
1002 2700 1064 2752 ut
1100 2712 1480 2774 exponamus,
1512 2714 1636 2776 quoe
1671 2714 1926 2775 personae
1966 2695 2023 2753 in
2060 2714 2231 2755 man-

397 2788 544 2869 cipio
583 2788 709 2846 sint.
800 2796 959 2846 11¹2.
998 2784 1209 2848 Omnes
1248 2789 1421 2869 igitur
1457 2788 1770 2848 liberorum
1808 2809 2091 2869 personae,
2116 2793 2235 2853 sive

398 2878 728 2953 masculini,
758 2879 874 2939 sive
909 2878 1180 2941 seminini
1205 2900 1407 2963 sexus,
1438 2902 1565 2964 quae
1590 2885 1653 2942 in
1683 2892 1955 2963 potestate
1982 2887 2231 2965 parentis

401 2984 562 3047 sunt,
592 2974 906 3053 mancipari
935 2972 1008 3033 ab
1049 2972 1161 3033 hoc
1197 2974 1395 3035 cadem
1422 2976 1591 3035 modo
1620 2986 1884 3058 possunt,
1914 2999 2026 3059 quo
2061 2979 2229 3038 etiam

401 3069 548 3128 servi
573 3068 891 3145 mancipari
934 3074 1187 3146 possunt.
1279 3078 1438 3129 ns.
1473 3068 1627 3129 Idem
1648 3070 1796 3149 juris
1840 3080 1922 3131 cst
1952 3073 2008 3130 in
2035 3091 2229 3131 earum

401 3161 658 3242 personis
687 3180 810 3240 quae
837 3161 897 3218 in
925 3180 1100 3220 manu
1129 3167 1287 3233 sunt3
1317 3180 1454 3221 nam
1478 3162 1701 3222 feminae
1730 3183 1764 3221 a
1792 3166 2233 3243 coemptionato-

399 3250 562 3313 ribus
589 3250 788 3311 eodem
821 3252 990 3312 modo
1029 3262 1266 3335 possunt
1300 3254 1677 3339 (mancipari,
1721 3274 1832 3338 quo
1874 3254 2039 3317 liberi
2060 3276 2099 3317 a
2114 3276 2229 3337 pa-

401 3352 568 3409 rente
608 3346 1021 3425 mancipantur
1048 3366 1070 3404 .-
1107 3345 1272 3428 adeo)
1305 3346 1533 3428 quidem
1569 3357 1629 3407 ut
1648 3392 1665 3427 ‚
1710 3350 1967 3429 quamvis
2012 3368 2074 3410 ea
2112 3350 2229 3411 sola
