2292 3684
395 121 541 182 mer.
577 136 722 181 mur.
763 141 817 182 ι.
849 137 926 197 tv,
965 140 1017 183 τ.
1049 140 1129 183 vi.
1171 135 1245 182 on
1276 115 1621 182 aenomaus.
1736 157 1745 168 -
1823 123 1929 183 539

81 245 323 303 rescissa
349 243 697 324 usucapione
731 242 837 322 (l),
860 263 987 303 eam
1017 262 1138 304 rem
1168 251 1390 324 petere,
1420 241 1476 300 id
1506 251 1612 316 est,
1639 245 1717 302 ita
1739 251 1930 324 petere

83 346 149 397 ut
172 338 320 398 dicat
347 357 731 419 possessorem
759 359 869 399 usu
895 360 1008 400 non
1049 339 1291 420 cepisse,
1332 346 1386 397 et
1414 336 1488 397 ob
1515 338 1573 396 id
1615 359 1778 397 suam
1809 329 1929 398 re'm

87 451 220 492 esse.
258 429 422 504 Quod
447 450 627 511 genus
654 433 892 492 actionis
918 430 1262 513 quibusdam
1292 440 1345 490 et
1373 429 1525 501 aliis,
1554 430 1723 490 simili
1751 432 1931 510 tequi-

85 534 196 585 tate
231 532 423 584 motus
442 569 457 595 ,
490 532 696 606 praetor
722 525 1142 597 accommodat,
1172 527 1319 585 sicut
1345 545 1413 584 ex
1447 521 1645 584 latiore
1673 524 1928 606 Digesto-

91 641 210 679 rum
241 639 342 679 seu
368 618 779 679 Pandectarum
808 619 1094 679 volumine
1123 617 1436 700 intelligere
1462 615 1603 679 licet.

93 786 104 796 ¹
165 725 230 775 6.
279 713 420 774 ltem
439 759 458 789 ‚
493 715 538 772 si
569 715 694 794 quis
723 714 784 772 in
819 711 1079 773 fraudem
1111 711 1451 772 creditorum
1482 731 1602 770 rem
1634 730 1797 771 suam
1825 711 1933 771 ali-

90 810 180 868 cui
205 806 538 883 tradiderit,
574 805 741 866 bonis
770 809 892 886 ejus
920 827 955 866 a
983 803 1355 867 creditoribus
1383 825 1451 864 ex
1478 807 1751 864 sententia
1780 826 1929 887 prae-

89 899 217 959 sidis
251 900 556 981 possessis,
589 901 930 979 permittitur
966 900 1106 980 ipsis
1136 897 1507 958 creditoribus
1536 899 1771 958 rescissa
1810 910 1931 958 tra-

87 993 298 1054 ditione
326 1013 452 1054 eam
482 1013 604 1052 rem
634 1003 848 1074 petere,
879 991 936 1052 id
963 999 1077 1063 est,
1119 992 1304 1052 dicere
1341 981 1465 1051 eam
1505 1011 1623 1051 rem
1666 992 1929 1052 traditam

91 1107 199 1146 noo
227 1107 350 1147 esse
370 1133 387 1159 ,
417 1096 471 1146 et
499 1085 573 1144 ob
594 1085 652 1145 id
681 1087 740 1144 in
772 1084 938 1144 bonis
967 1083 1239 1144 debitoris
1266 1085 1561 1144 mansisse.

173 1193 238 1260 U,
269 1183 414 1240 Item
441 1181 745 1252 Serviane,
777 1187 832 1239 et
869 1181 1030 1260 quasi
1070 1179 1367 1252 Serviana,
1404 1199 1527 1259 qum
1558 1181 1725 1239 etiam
1754 1180 1934 1261 hypo-

93 1273 342 1335 thecaria
374 1281 623 1346 vocatur,
656 1292 725 1333 ex
751 1274 931 1353 ipsius
957 1276 1216 1354 proetoris
1238 1271 1633 1352 jurisdictione
1666 1273 1936 1333 substan-

89 1370 223 1427 tiam
275 1369 532 1448 capiunt.
581 1366 853 1445 Serviane
902 1377 1091 1426 autem
1139 1367 1425 1447 experitur
1472 1367 1599 1447 quis
1648 1365 1716 1426 de
1762 1365 1936 1426 rebus

90 1461 298 1534 coloni,
327 1481 451 1541 quae
481 1459 736 1541 pignoris
758 1459 890 1538 jure
918 1479 1024 1539 pro
1061 1457 1416 1520 mercedibus
1450 1458 1611 1519 fundi
1641 1463 1693 1519 ei
1730 1469 1935 1520 tenen-

97 1561 214 1624 tur3
245 1555 409 1635 quasi
438 1553 708 1612 Serviane
737 1560 928 1612 autem
947 1597 962 1624 ,
989 1572 1101 1632 qua
1143 1550 1447 1612 creditores
1484 1555 1723 1633 pignora
1760 1553 1938 1634 hypo·

99 1645 348 1706 thecasve
372 1652 809 1727 persequuntur.
836 1645 990 1704 inter
1010 1646 1215 1727 pignus
1244 1653 1430 1704 autem
1452 1654 1503 1704 et
1531 1643 1905 1726 hypothecam
1920 1693 1933 1716 ,

100 1747 372 1820 quantum
411 1738 483 1800 ad
522 1742 803 1800 actionem
839 1737 1303 1820 hypothecariam
1344 1741 1571 1810 attinet,
1617 1737 1761 1797 nihil
1800 1739 1940 1804 inte-

101 1841 232 1904 τρεῖς
260 1851 401 1892 nam
429 1832 498 1893 de
526 1852 641 1912 qua
668 1851 730 1892 re
757 1832 909 1890 inter
941 1831 1275 1891 creditorem
1310 1840 1363 1891 et
1389 1832 1701 1891 debitorem
1730 1851 1938 1891 conve-

101 1930 269 2002 nerit,
299 1935 365 1986 ut
391 1928 465 1986 sit
495 1946 600 2007 pro
627 1925 817 1986 debito
845 1922 1125 2006 obligata,
1157 1935 1395 2007 utraque
1420 1924 1531 1986 hac
1556 1925 1937 2007 appellatione

97 2023 432 2082 continetur.
477 2017 588 2079 Sed
612 2020 676 2078 in
719 2017 845 2078 aliis
873 2007 1200 2077 differentia
1227 2025 1310 2077 est
1342 2039 1355 2077 ι
1386 2036 1524 2077 nam
1550 2011 1803 2098 pignoris
1829 2036 1939 2099 ap-

99 2114 394 2192 pellatione
423 2131 552 2172 eam
581 2112 815 2194 proprie
845 2129 970 2170 rem
1009 2112 1289 2170 contineri
1316 2109 1582 2184 dicimus,
1614 2131 1738 2191 qnoe
1768 2109 1937 2172 simul

99 2209 260 2265 etiam
280 2204 524 2266 traditur
544 2203 807 2265 creditori
823 2249 842 2277 ,
865 2203 1111 2263 maxime
1131 2205 1180 2264 si
1201 2202 1429 2264 mobilis
1458 2205 1563 2275 sit,
1589 2211 1649 2262 at
1664 2223 1791 2263 eam
1811 2225 1935 2285 quoe

101 2302 212 2361 sine
249 2298 554 2361 traditione
587 2297 744 2358 nuda
783 2299 1155 2358 conventione
1194 2306 1449 2371 tenetur,
1481 2297 1714 2378 proprie
1754 2297 1939 2380 hypo-

96 2393 263 2455 thecoe
291 2390 677 2476 appellatione
703 2391 979 2451 contineri
1009 2390 1273 2453 dicimus.

171 2497 237 2549 8.
280 2488 346 2546 ln
390 2504 697 2569 personam
744 2503 972 2566 quoque
1017 2485 1267 2545 actiones
1302 2505 1371 2544 ex
1414 2504 1517 2545 sua
1551 2484 1941 2564 jurisdictione

103 2583 415 2662 propositas
441 2577 616 2638 habet
641 2584 850 2659 praetor
875 2599 888 2636 ε
925 2576 1095 2638 veluti
1123 2577 1191 2637 de
1224 2579 1464 2659 pecunia
1492 2581 1819 2652 constituta,
1850 2583 1939 2640 cui

105 2672 292 2734 similis
320 2670 619 2733 videbatur
649 2671 959 2752 receptitia.

151 2767 278 2828 -Sed
305 2789 376 2829 ex
403 2775 598 2827 nostra
623 2767 1020 2826 constitutione
1051 2763 1161 2844 (2),
1194 2784 1322 2824 cum
1360 2771 1415 2825 et
1450 2765 1499 2823 si
1540 2765 1677 2846 quid
1713 2765 1939 2846 plenius

159 2966 226 3026 (l)
261 2987 284 3008 ιι
311 2965 359 3012 Si
385 2963 575 3027 quando
601 2963 804 3010 abfuerit
833 2964 868 3008 is
896 2962 980 3025 qui
1008 2977 1083 3007 res
1112 2959 1379 3012 alienae.....
1410 2961 1611 3020 detinet,
1630 2974 1677 3010 et
1700 2962 1935 3010 desiderat

107 3023 311 3076 dominns
343 3043 479 3073 enam
515 3028 816 3073 intentionem
849 3039 1136 3086 proponere,
1164 3036 1208 3070 et
1233 3039 1325 3070 non
1352 3027 1393 3070 ei
1420 3024 1603 3072 licentia
1633 3028 1719 3084 sit,
1748 3028 1937 3074 absente

111 3102 184 3135 suo
203 3091 546 3140 advenerim...
566 3105 649 3135 sna
668 3087 938 3134 auctoritate
957 3103 1008 3132 ea
1025 3102 1098 3132 res
1117 3101 1361 3148 usurpare,
1379 3086 1571 3134 licentia‘
1586 3091 1629 3134 ei
1650 3089 1789 3136 detur
1806 3088 1935 3136 adire

111 3153 338 3210 praesidem
377 3153 620 3215 provinciae
649 3146 724 3196 vel
756 3143 970 3196 libellum
1000 3149 1043 3194 ei
1071 3149 1384 3210 porrigerem.
1421 3158 1466 3197 et
1498 3149 1709 3198 sufficere
1748 3149 1836 3197 hoe
1874 3152 1933 3197 ad

111 3211 406 3342 pleniezi-am
429 3213 836 3339 ipset-ruptionis.
870 3229 892 3254 υ
913 3209 1229 3268 lastidianus,
1248 3211 1301 3268 Ι..
1324 3215 1371 3268 2,
1402 3211 1481 3271 0.,
1506 3211 1577 3260 De
1599 3213 1759 3260 munli
1776 3219 1937 3279 excep·

123 3277 225 3324 tione
271 3291 360 3334 vn,
380 3281 444 3326 «to
471 3311 482 3322 .

168 3340 234 3403 (ἓ)
265 3333 318 3388 1..
343 3336 390 3394 2,
413 3344 508 3402 pr„
526 3329 558 3402 ᾖ
579 3336 627 3400 l,
651 3341 730 3397 a,
757 3329 825 3388 De
849 3341 989 3387 const.
1010 3347 1175 3400 pecten.
1204 3331 1301 3399 (tv,
1326 3332 1422 3398 18).
