2292 3684
497 107 703 152 ωιιεο.
742 109 954 153 ruau-
991 111 1068 154 nx
1102 111 1462 154 coms-tona.
1506 111 1667 155 mm„
1907 95 2003 152 864

170 169 314 271 simo
341 207 520 270 calori
547 213 904 292 permittetur
933 235 947 274 ε
981 221 1042 275 ut
1081 233 1199 275 non
1228 216 1393 295 quasi
1428 213 1712 275 homicida
1739 214 2015 295 puniatur

169 305 354 382 capite
381 347 398 376 ‚
454 302 545 365 vel
587 304 979 388 deportatione
999 351 1016 382 ‚
1062 307 1163 369 sed
1220 327 1403 391 usque
1450 307 1523 368 ad
1564 307 1797 368 exilium
1842 325 2014 387 poeua

169 397 292 477 ejus
318 405 622 460 statuatur.

999 505 1187 563 mnu.

249 623 334 682 De
377 622 678 704 mancipiis
731 622 1056 686 alterutrius
1100 628 1309 686 marito
1360 625 1452 687 vel
1506 636 1667 708 patre
1713 633 2014 687 accusante

169 716 537 796 quaestionem
562 714 890 777 habendam
917 718 1112 800 palam
1152 727 1252 781 est.
1287 717 1379 780 An
1419 719 1571 780 idem
1603 728 1871 781 extraneo
1918 740 2013 782 ac·

171 811 416 869 cusatori
445 811 695 891 permitti
723 810 951 887 debeat,
986 833 1199 894 quoero.
1235 813 1547 895 Respondit
1575 835 1589 872 2
1628 815 1817 875 Potest
1842 813 2022 874 videri

172 921 242 962 ea
270 903 418 962 ratio
459 901 634 963 fuisse
671 903 1033 984 permittendi
1077 907 1199 965 istis
1227 907 1487 987 personis
1525 905 1595 966 de
1630 909 1805 967 servis
1834 927 2017 988 quoes-

169 998 388 1056 tionem
429 993 671 1068 habere,
723 1006 784 1057 ut
827 996 1151 1080 diligentius
1184 997 1439 1058 dolorem
1489 999 1667 1058 animi
1712 1000 1835 1074 sui,
1882 1000 2017 1059 item

171 1090 446 1169 injuriam
474 1086 616 1149 loesoe
644 1089 846 1150 domus
875 1109 992 1152 nou
1021 1089 1357 1152 translatitie
1386 1101 1877 1174 persequerentur.
1912 1093 2019 1154 Sed

173 1186 450 1265 quoniam
474 1202 590 1243 non
617 1183 784 1245 facile
812 1183 921 1245 tale
948 1183 1212 1246 delictum
1240 1187 1365 1246 sine
1388 1187 1701 1246 ministerio
1728 1205 2021 1247 servorum

175 1276 398 1336 admitti
420 1276 695 1336 creditum
723 1287 841 1350 est,
873 1278 1019 1338 ratio
1047 1297 1114 1338 eo
1139 1277 1435 1360 perduxit,
1468 1285 1531 1336 ut
1556 1279 1729 1338 etiam
1755 1285 2021 1340 extraneo

173 1378 474 1431 accusante
502 1371 791 1452 mancipia
817 1372 1114 1451 quaestioni
1150 1379 1567 1432 tormentorum
1604 1370 2025 1452 subjicerentur

175 1484 212 1524 a
232 1462 540 1544 judicibus.

705 1581 800 1654 (nx
827 1596 1035 1636 contar.
1065 1595 1167 1635 τιτ.
1202 1596 1275 1648 vr,
1304 1557 1357 1635 ⁶0.
1389 1580 1488 1652 vr.)

303 1697 704 1754 PAPINIANUS
738 1696 934 1754 Lumo
970 1697 1323 1754 SINGULARI
1358 1699 1449 1753 DE
1483 1682 1904 1754 ADULTERns'

255 1815 366 1887 Qui
401 1818 612 1876 sororis
647 1815 826 1878 filiam
863 1835 1096 1878 uxorem
1135 1815 1357 1876 duxerit
1398 1837 1503 1898 per
1540 1835 1793 1876 errorem
1812 1861 1827 1888 ,
1853 1823 2021 1876 ante·

176 1929 352 1990 quam
382 1911 785 1990 praeveniretur
812 1930 845 1969 a
873 1909 1158 1982 delatore,
1186 1909 1411 1969 diremit
1438 1909 1648 1970 coitum
1674 1933 1689 1980 ς
1728 1929 1919 1991 quaero
1948 1929 2024 1970 an

175 2003 366 2064 adhuc
406 2005 585 2085 possit
629 2004 903 2064 accusari.
936 1995 1247 2084 Respondit
1289 2023 1302 2061 ε
1344 2001 1409 2060 Εἰ
1448 2003 1547 2082 qui
1585 2005 1901 2084 conjunctae
1934 2002 2019 2084 (l)

175 2100 390 2159 sororis
440 2097 570 2157 filioe
613 2097 769 2157 bona
807 2097 915 2158 fide
955 2097 1257 2169 abstinuit,
1310 2117 1541 2177 poenam
1580 2099 1788 2158 remitti
1829 2097 2027 2180 palam

175 2201 301 2264 est;
336 2193 472 2273 quia
499 2194 596 2273 qui
626 2210 820 2252 errore
850 2193 1076 2273 cognito
1100 2190 1327 2250 diremit
1355 2192 1598 2265 coitum,
1631 2189 1880 2250 ereditur
1905 2191 2027 2270 ejus

175 2286 482 2346 voluntatis
525 2285 727 2359 fuisse,
782 2294 873 2358 ut,
933 2286 981 2345 si
1025 2287 1219 2346 scisset
1273 2303 1333 2345 se
1376 2287 1437 2343 in
1478 2303 1546 2345 eo
1599 2283 2027 2344 necessitudinis

176 2379 359 2463 gradu
409 2383 686 2464 positum,
737 2399 854 2440 non
903 2378 1104 2439 fuisset
1154 2378 1265 2439 tale
1311 2379 1741 2440 matrimonium
1789 2377 2026 2459 copula-

177 2480 360 2539 turus.

724 2589 817 2662 (ax
845 2605 1056 2646 cosma-r.
1089 2606 1189 2644 rrr.
1227 2605 1279 2656 x,
1313 2606 1361 2644 c.
1392 2588 1491 2660 rx.)

573 2706 822 2764 PAULUS
856 2704 1054 2762 Lumo
1089 2705 1134 2760 V
1172 2703 1649 2762 RESPONsonuu

440 2801 554 2858 SUB
589 2800 824 2858 TITULO
859 2801 950 2857 DE
984 2798 1249 2856 LocATo
1282 2799 1366 2855 ΕΤ
1392 2795 1769 2878 comunem.

259 2926 409 3005 Imp.
459 2921 736 2982 Antonius
777 2919 930 2981 Julio
967 2919 1306 3002 Agrippino.
1354 2918 1632 2978 Dominus
1686 2914 2025 2976 horreorum

179 3015 502 3100 periculum
545 3015 628 3075 vis
663 3015 897 3096 majoris
915 3057 930 3087 ‚
972 3012 1060 3074 vel
1099 3011 1420 3072 effractum
1446 3009 1736 3070 latronum
1763 3017 2031 3090 praestare
2095 3014 2106 3023 “

180 3131 300 3173 non
342 3111 583 3192 cogitur.
617 3107 730 3171 His
769 3105 1120 3170 cessantilms
1149 3106 1199 3165 si
1245 3103 1383 3188 quid
1421 3124 1489 3164 ex
1524 3101 1797 3184 ‚depositis
1828 3098 2029 3176 rebus,

189 3249 365 3266 ...-..—--

241 3319 316 3385 (1)
349 3318 513 3366 Potius
542 3333 553 3362 :
581 3315 907 3380 coemtio-e.
