2292 3684
199 123 347 166 susr.
381 120 528 164 mar.
557 121 612 162 ι..
647 112 726 176 tv,
755 121 812 164 r.
842 122 884 164 1.
921 121 998 164 na
1017 119 1477 166 ouueutomaus
1502 119 1577 162 ex
1604 119 1855 168 mue-ro.
1898 107 1995 164 53⁴

160 227 342 306 cepit,
373 243 602 284 movere
629 222 942 296 desiderat,
978 225 1092 285 sive
1126 225 1267 288 furti
1292 224 1561 285 adversus
1590 243 1723 284 eum
1754 225 1853 304 qui
1879 241 2001 283 rem
2060 247 2073 261 ·

159 317 480 400 subripuit,
511 327 566 378 et
599 316 871 379 alterutra
900 339 1100 379 earum
1135 317 1313 380 electa
1346 317 1643 378 dominnm
1680 337 1799 376 non
1838 337 2005 399 posue

161 435 234 476 ex
262 413 598 494 poenitentia
625 413 698 474 ad
721 412 962 474 alteram
987 416 1183 476 venire
1210 417 1508 476 actionem.
1540 413 1649 474 Sed
1685 416 1733 474 ai
1776 413 2003 496 quidem

147 507 356 567 furem
399 506 652 590 elegerit,
699 503 861 566 illum
903 507 1003 589 qui
1041 527 1165 568 rem
1206 507 1479 568 utendam
1518 509 1736 588 accepit
1780 511 2005 588 penitus

157 599 427 672 liberari;
471 599 558 658 sin
591 599 1194 659 autem-commodator
1228 601 1419 660 veniat
1454 598 1720 660 adversus
1748 619 1880 658 eum
1908 601 2007 682 qui

157 714 290 754 rem
318 692 588 754 utendam
615 692 857 773 accepit,
896 693 1008 772 ipsi
1036 693 1265 773 quidem
1295 692 1455 752 nullo
1483 691 1655 753 modo
1690 701 2007 772 competere

157 806 334 867 posse
362 785 627 846 adversus
656 783 842 842 furem
878 783 1015 842 furti
1052 786 1361 857 actionem,
1398 804 1531 844 eum
1559 792 1745 844 autem
1776 786 1876 868 qui
1903 803 2008 866 pro

157 900 230 938 re
257 877 615 939 commodata
643 877 992 949 convenitur,
1025 897 1191 959 posse
1219 876 1489 937 adversus
1517 877 1701 960 furem
1733 877 1870 936 furti
1899 877 2009 937 ha·
2048 937 2053 948 ,

157 973 308 1033 here
343 974 622 1032 actionem
655 993 670 1029 ι
707 971 789 1029 ita
825 980 1050 1043 tamen,
1087 973 1135 1030 si
1178 971 1442 1032 dominus
1464 1017 1478 1042 ,
1520 973 1701 1031 sciens
1734 991 1855 1031 rem
1888 991 2009 1032 esse

159 1064 504 1146 subreptam
533 1062 804 1124 adversus
831 1083 964 1123 eum
993 1064 1085 1122 cui
1112 1082 1205 1123 rea
1232 1062 1587 1124 commodata
1612 1063 1720 1123 fuit
1737 1066 2007 1143 pervenit.

161 1159 270 1220 Sin
315 1167 504 1218 autem
543 1159 767 1218 nescius
803 1163 859 1216 et
897 1155 1165 1217 dubitans
1202 1175 1325 1216 rem
1366 1175 1484 1216 non
1522 1175 1643 1217 ease
1681 1157 2010 1238 subreptam

163 1253 326 1334 apud
360 1272 517 1327 eum,
557 1249 898 1312 commodati
939 1251 1220 1310 actionem
1254 1251 1530 1320 instituit,
1562 1255 1758 1329 postea
1791 1259 2004 1321 autem,

162 1367 234 1406 re
255 1352 572 1426 comperta,
599 1343 774 1404 voluit
796 1345 1079 1403 remittere
1098 1342 1328 1423 quidem
1350 1341 1689 1402 commodati
1712 1345 2011 1415 actionem,

165 1439 244 1499 ad
287 1438 427 1498 furti
462 1446 651 1498 autem
695 1415 1020 1517 pervenire,
1061 1444 1197 1495 tunc
1232 1433 1459 1494 licentia
1494 1435 1546 1494 ei
1583 1433 1925 1495 concedatur
1960 1443 2015 1496 et

165 1530 442 1592 adversus
487 1529 672 1590 furem
722 1532 938 1602 venire,
993 1526 1153 1588 nullo
1200 1527 1491 1587 obstaculo
1536 1529 1588 1586 ei
1635 1528 2011 1610 opponendo,

103 1651 118 1658 ·
167 1627 449 1707 quoniam
469 1625 718 1684 incertus
747 1623 1098 1682 constitutus
1108 1623 1282 1681 movit
1304 1621 1573 1684 adversus
1600 1642 1733 1682 eum
1762 1624 1861 1702 qui
1889 1643 2011 1683 rem

167 1718 444 1780 utendam
473 1719 714 1797 accepit,
741 1715 1082 1776 commodati
1109 1717 1420 1790 actionem,
1450 1717 1558 1775 nisi
1586 1715 1817 1776 domino
1844 1715 1917 1776 ab
1946 1735 2013 1776 eo

167 1811 527 1873 satisfactum
563 1819 678 1870 est:
725 1819 861 1870 tunc
891 1811 1100 1870 etenim
1136 1809 1467 1870 omnimodo
1499 1809 1685 1870 furem
1718 1829 1755 1870 a
1782 1809 2013 1870 domino

169 1905 407 1986 quidem
445 1902 580 1963 furti
617 1905 834 1964 actione
877 1893 1135 1974 liberari,
1177 1905 1531 1984 suppositum
1575 1913 1763 1963 autem
1806 1923 1925 1963 esse
1963 1907 2015 1964 ei

167 2000 273 2079 qui
305 2017 416 2080 pro
444 2017 506 2056 re
534 1995 644 2056 eibi
672 1995 1026 2056 commodata
1053 1994 1285 2055 domino
1312 1995 1609 2068 satisfecit3
1656 2015 1787 2056 cum
1824 1997 2017 2056 mani-

165 2091 542 2150 festissimum
572 2098 680 2164 est,
713 2092 932 2150 etiamsi
960 2089 1032 2149 ab
1059 2091 1226 2148 initio
1254 2089 1517 2149 dominus
1548 2091 1827 2149 actionem
1862 2085 2016 2150 com·

167 2187 388 2246 modati
424 2187 664 2245 instituit
699 2181 935 2266 ignarus
972 2204 1094 2244 rem
1128 2203 1251 2243 esse
1279 2182 1638 2264 subreptam,
1684 2191 1879 2264 postea
1910 2203 2015 2242 au-

171 2289 290 2340 tem
325 2279 436 2339 hoc
472 2281 522 2338 ei
560 2280 786 2360 cognito
824 2276 1089 2338 adversus
1131 2278 1317 2337 furem
1355 2278 1645 2348 transivit,
1688 2277 2017 2338 omnimodo

167 2371 413 2433 liberari
440 2391 572 2431 eum
599 2375 699 2452 qui
725 2390 846 2431 rem
875 2368 1287 2431 commodatam
1320 2365 1563 2449 accepit,
1597 2390 2011 2452 quemcumque

169 2487 356 2528 eanaae
397 2467 608 2527 exitum
644 2466 905 2526 dominus
944 2467 1209 2526 adversus
1248 2465 1433 2526 furem
1471 2464 1769 2525 habuerit:
1808 2457 2011 2526 ‘eadem

170 2559 506 2620 definitione
533 2561 853 2632 obtinente,
883 2558 1000 2618 sive
1027 2561 1084 2616 in
1115 2568 1367 2640 partem,
1404 2559 1517 2617 sive
1544 2559 1603 2617 in
1635 2558 1873 2619 solidum
1904 2559 2017 2620 sol·

173 2653 361 2714 vendo
393 2655 466 2713 sit
492 2655 540 2713 is
571 2653 668 2733 qui
697 2673 820 2712 rem
848 2652 1262 2713 commodatam
1292 2654 1520 2733 accepit.

261 2758 382 2809 1¹2.
423 2745 531 2806 Sed
559 2749 608 2806 ia
635 2733 790 2827 apud
817 2766 988 2826 quem
1015 2765 1104 2804 res
1137 2744 1389 2825 deposita
1422 2753 1529 2818 est,
1562 2745 1875 2806 custodiam
1900 2767 2016 2807 non

173 2848 440 2920 praeatat3
473 2839 572 2900 sed
598 2846 819 2899 tantum
846 2841 906 2897 in
937 2858 1004 2899 eo
1033 2838 1313 2898 obnoxius
1341 2845 1455 2908 est,
1497 2839 1545 2897 si
1573 2838 1709 2918 quid
1735 2842 1859 2919 ipse
1888 2841 2019 2902 dolo

173 2933 332 2994 malo
359 2932 574 2994 fecerit.
609 2931 733 3004 Qua
756 2933 828 2993 de
856 2951 1026 2994 causa
1043 2979 1056 3006 ,
1089 2934 1140 2992 ai
1166 2951 1259 2990 res
1286 2934 1338 2990 ei
1367 2929 1637 3013 subrepta
1665 2933 1852 3006 fuerit,
1884 2937 2019 3016 quia

177 3024 538 3088 restituendae
573 3026 696 3104 ejus
735 3027 822 3086 rei'
855 3026 1088 3085 nomine
1116 3024 1355 3105 depositi
1392 3043 1509 3082 non
1537 3031 1777 3098 tenetur,
1808 3047 1913 3086 nec
1940 3027 2015 3086 ob

175 3120 236 3179 id
276 3120 402 3198 ejus
429 3122 666 3178 interest
700 3139 830 3198 rem,
859 3117 1073 3180 salvam
1102 3137 1257 3190 esse,
1299 3117 1436 3178 furti
1464 3137 1631 3198 agere
1663 3138 1777 3180 non
1808 3128 2014 3200 potest;

177 3213 275 3273 sed
304 3213 446 3272 furti
474 3215 619 3273 actio
646 3212 874 3272 domino
903 3215 1191 3294 competit.

267 3316 381 3368 18.
412 3307 478 3366 In
506 3327 730 3368 summa
752 3307 1044 3370 sciendum
1070 3315 1153 3368 est
1171 3307 1465 3387 quaesitum
1486 3322 1606 3366 esse
1625 3325 1699 3366 an
1722 3304 2013 3388 impubes,
2045 3339 2055 3356 ι
