2292 3684
389 124 538 167 msr.
569 125 715 166 msr.
755 126 807 167 ι.
836 126 897 181 n,
938 127 993 167 r.
1028 128 1071 167 1.
1109 126 1184 167 ns
1208 126 1490 169 owtsronn
1517 126 1728 171 amun.
1873 114 1976 171 ⁴5³

140 226 359 287 radices
386 230 590 309 egerin
629 238 759 288 ante
792 231 942 287 enim
981 248 1154 309 quam
1190 229 1408 288 radices
1437 231 1646 310 egerit,
1677 232 1798 311 ejus
1832 248 1978 310 per-

136 331 333 381 manet
360 324 523 402 cujus
550 330 605 381 et
632 322 836 384 suerat.
878 321 1030 382 Adeo
1060 331 1248 381 autem
1277 342 1344 381 ex
1372 342 1438 381 eo
1467 333 1720 404 tempore
1750 344 1862 404 quo
1888 344 1981 383 ra-

136 414 291 475 dices
319 406 433 495 agit
462 414 687 494 planta,
720 418 1035 495 proprietas
1062 418 1184 495 ejus
1213 424 1617 487 commutatur,
1651 428 1711 476 ut
1738 420 1788 476 si
1815 419 1982 477 vicini

46 548 71 571 0
136 509 318 568 arbor
348 511 427 567 ita
466 518 675 569 terram
706 510 836 569 Titii
869 514 1133 590 presserit
1162 520 1224 569 ut
1261 512 1318 569 in
1349 512 1469 590 ejus
1496 508 1738 571 fundum
1768 510 1980 573 radices

136 603 346 682 egerit,
377 601 509 660 Titii
547 601 694 661 effici
732 602 997 662 arborem
1036 602 1328 672 dicamus3
1359 605 1636 663 rationem
1672 605 1822 663 enim
1863 623 1980 663 non

134 698 469 777 permittere
500 706 562 755 ut
590 694 819 755 alterius
854 696 1027 755 arbor
1062 717 1184 757 esse
1220 696 1588 778 intelligatur,
1622 718 1792 778 quam
1821 698 1981 778 cujus

136 790 206 845 in
238 786 482 846 fundum
510 787 725 847 radices
753 791 972 869 egisset.
1006 790 1072 848 Et
1104 789 1232 849 ideo
1259 810 1438 871 prope
1465 790 1776 851 confinium
1809 789 1982 849 arbor

139 884 353 961 posita,
387 882 433 940 si
466 884 635 941 etiam
664 886 723 941 in
754 885 922 943 vicini
966 882 1204 943 fundum
1239 884 1454 944 radices
1490 887 1690 966 egerit,
1721 904 1983 945 commu-

142 976 239 1033 nis
265 973 347 1035 fit.

219 1263 341 1315 88.
382 1254 507 1325 Qua
550 1256 769 1313 ratione
811 1262 998 1314 autem
1042 1254 1249 1333 plantae
1287 1274 1410 1335 quie
1445 1263 1597 1314 terra
1634 1253 1980 1328 coalescunt,

124 1346 263 1407 solo
303 1348 539 1420 cedunt,
580 1347 779 1407 eadem
816 1349 1033 1407 ratione
1082 1348 1369 1408 frumenta
1417 1366 1646 1430 quoque
1691 1369 1814 1429 quae
1862 1357 1984 1409 sata

126 1451 302 1515 sunt,
346 1443 468 1502 solo
512 1442 709 1503 cedere
752 1442 1159 1523 intelliguntur.
1211 1445 1474 1503 Ceterum
1518 1446 1661 1504 sicut
1697 1447 1744 1503 is
1787 1446 1885 1526 qui
1925 1447 1983 1505 in
2057 1457 2066 1465 ‘

127 1535 333 1594 alieno
360 1534 479 1595 solo
508 1534 883 1606 aedificaverit,
916 1538 964 1594 si
992 1536 1067 1595 ab
1098 1555 1166 1594 eo
1193 1535 1458 1595 dominus
1486 1546 1639 1617 petat
1668 1536 1982 1609 oedificium,

126 1626 370 1687 defendi
416 1635 597 1707 potest
638 1628 762 1709 per'
786 1629 1177 1707 exceptionem
1211 1626 1328 1687 doli
1368 1628 1532 1697 mali,
1575 1628 1883 1689 secundum
1920 1650 1986 1689 ea

130 1742 265 1803 quae
313 1720 589 1793 diximus,
630 1725 707 1780 ita
746 1721 998 1800 ejusdem
1046 1724 1392 1803 exceptionis
1431 1720 1643 1781 auxilio
1680 1732 1830 1781 tutus
1867 1744 1988 1783 esse

136 1825 330 1895 potest
376 1817 427 1873 is
474 1816 572 1895 qui
623 1814 874 1873 alienum
925 1813 1170 1874 fundum
1215 1834 1318 1875 sua
1370 1816 1628 1896 impensa
1683 1815 1834 1875 bona
1878 1815 1986 1876 fide

142 1910 452 1968 conseruit.

226 2010 345 2063 88.
392 2002 590 2059 Literae
632 2018 887 2079 quoque,
928 1997 1058 2059 licet
1104 2018 1290 2058 aureoe
1326 2002 1462 2073 sint,
1503 1998 1739 2081 perinde
1778 1996 1986 2058 chartis

138 2094 613 2173 membranisque
642 2093 875 2165 cedunt,
907 2112 974 2152 ac
1010 2092 1129 2152 solo
1167 2085 1362 2153 cede're
1398 2093 1578 2153 solent
1605 2114 1672 2153 ea
1697 2112 1821 2173 quae
1850 2095 1988 2151 inae-

134 2189 452 2249 dificantur
479 2196 577 2245 aut
602 2188 962 2257 inseruntur3
995 2185 1233 2266 ideoque
1269 2190 1316 2245 si
1353 2190 1410 2244 in
1451 2186 1660 2245 chartis
1695 2184 1989 2245 membra-

137 2285 305 2343 nisve
336 2284 447 2341 tuis
472 2300 701 2341 carmen
729 2279 814 2339 vel
842 2280 1135 2339 historiam
1165 2279 1252 2339 vel
1281 2283 1592 2340 orationem
1617 2281 1794 2339 Titius
1819 2282 1994 2361 scrip-

132 2380 307 2447 serit,
348 2374 521 2454 hujus
548 2376 805 2454 corporis
832 2394 945 2432 non
977 2375 1185 2445 Titius,
1223 2374 1320 2433 sed
1351 2382 1412 2433 tu
1451 2373 1712 2432 dominus
1752 2392 1872 2433 esse
1907 2376 1992 2432 vi-

132 2474 311 2537 deris.
344 2470 455 2529 Sed
492 2471 541 2527 si
578 2490 611 2527 a
646 2470 793 2528 Titio
827 2478 985 2549 petas
1013 2477 1141 2527 tuos
1169 2467 1348 2527 libros
1377 2477 1568 2527 tuasve
1599 2467 1987 2540 membranas,

136 2586 251 2626 nec
302 2566 595 2643 impensas
641 2564 933 2643 scripturae
988 2560 1204 2621 solvere
1255 2570 1484 2642 paratus
1527 2564 1630 2630 sis,
1686 2563 1893 2641 poterit
1935 2580 1994 2621 se

137 2658 327 2715 Titius
348 2653 651 2714 defendere
671 2673 775 2732 per
791 2657 1180 2733 exceptionem
1204 2654 1320 2712 doli
1343 2653 1500 2727 mali,
1519 2657 1714 2734 utique
1732 2656 1994 2713 sicarum

138 2747 483 2809 chartarum
524 2745 1059 2807 membranarumve
1098 2749 1507 2827 possessionem
1537 2745 1689 2805 bona
1718 2746 1828 2806 fide
1856 2767 1996 2806 nac-

140 2850 241 2902 tus
274 2850 377 2902 est.

229 2944 353 2997 84.
398 2934 455 2995 Si
493 2934 621 3015 quis
656 2936 717 2993 in
757 2932 943 2993 aliena
979 2929 1176 2992 tabula
1212 2934 1484 3014 pinxerit,
1524 2932 1759 3013 quidam
1796 2941 1999 3013 putant

144 3030 409 3091 tabulam
448 3031 682 3111 picturae
724 3028 951 3100 cedere;
1004 3029 1129 3088 aliis
1169 3027 1388 3087 videtur
1426 3028 1737 3107 picturam,
1781 3028 1999 3109 qualis-

152 3144 401 3206 cumque
426 3126 527 3197 sit,
568 3121 773 3182 tabulae
800 3122 1015 3182 cedere.
1048 3122 1158 3182 Sed
1186 3120 1354 3181 nobis
1388 3120 1608 3180 videtur
1643 3120 1844 3180 melius
1878 3142 2000 3181 esse

160 3218 419 3278 tabulam
467 3218 697 3297 picturoe
738 3215 935 3278 cedere
977 3237 991 3274 ε
1043 3214 1347 3276 ridiculum
1393 3224 1475 3275 est
1522 3215 1676 3274 enim
1718 3216 2004 3293 picturam

164 3312 377 3393 Apellis
413 3310 507 3371 vel
542 3310 826 3371 Parrhasii
860 3312 920 3371 in
949 3310 1328 3371 accessionem
1355 3307 1636 3368 vilissimae
1667 3305 1878 3450 gabuiae
1915 3325 2004 3365 ce-
