2292 3684
310 55 312 62 ²
355 44 463 99 sn
643 54 762 98 cui
796 54 940 113 ιιιιτ.
980 57 1030 98 c.
1065 58 1131 112 n,
1172 46 1232 111 ss
1260 41 1521 101 Ἀεὶ-247.
1561 54 1636 97 nn
1669 53 1917 98 nutris».

356 160 403 215 si
433 166 560 238 post
582 165 822 217 mortem
849 159 1131 218 testatoris
1155 178 1223 219 ea
1249 179 1339 221 res
1363 157 1589 234 heredis
1617 178 1739 219 esse
1759 161 2011 240 coeperit,
2041 181 2183 241 quae·

353 254 499 310 ritur
526 270 600 309 an
632 250 766 311 utile
794 253 866 310 sit
898 251 1165 332 legatum.
1199 253 1268 313 Et
1295 253 1551 334 plerique
1582 261 1785 332 putant
1816 252 2022 313 inutile
2053 275 2180 315 esse.

351 343 498 416 Quid
528 363 664 424 ergo
690 342 813 404 est?
845 343 976 406 licet
1009 330 1222 426 aliquis.
1241 367 1369 407 eam
1399 366 1520 406 rem
1543 345 1835 426 legaverit,
1869 366 1998 426 quae
2019 367 2185 428 neque

355 442 478 518 ejus
522 459 779 520 unquam
825 440 1024 514 fuerit,
1056 461 1257 522 neque,
1287 451 1481 523 postea
1521 440 1745 500 heredis
1783 442 1909 520 ejus
1945 462 2186 523 unquam

358 555 478 594 esse
507 537 770 615 coeperit,
801 555 871 594 ex
898 536 1387 596 senatusconsulto
1412 537 1736 595 Neroniano
1765 534 2008 615 proinde
2048 537 2188 595 vide·
2261 596 2262 606 ,

354 635 450 686 tur
475 647 540 686 ac
576 628 621 685 si
658 646 762 707 per
789 627 1215 687 damnationem
1242 626 1435 688 relicta
1461 636 1628 712 esset.
1715 638 1879 689 ΜΒ.
1919 628 2079 687 Sicut
2098 650 2188 687 au·

356 728 469 779 tem
498 739 603 800 per
629 719 1050 780 damnationem
1087 720 1273 800 legata
1302 740 1391 779 res
1436 740 1553 779 non
1597 722 1784 779 statim
1823 727 1952 800 post
1990 720 2192 779 aditam

354 810 723 872 hereditatem
750 810 1007 892 legatarii
1035 810 1313 882 efficitur,
1347 810 1445 871 sed
1474 819 1664 879 manet
1699 810 1925 871 heredis
1951 832 2193 892 eousque
2263 837 2264 844 ¹

356 906 533 967 donec
560 908 608 965 is
637 903 801 965 heres
830 903 1122 974 tradendo',
1164 904 1251 963 vel
1280 905 1679 986 mancipando,
1721 906 1809 965 vel
1837 907 1898 963 in
1929 908 2070 983 jure
2110 927 2192 965 cc·

355 1001 538 1061 dendo
577 999 834 1082 legatarii
862 1019 988 1061 eam
1023 999 1241 1072 fecerit,
1272 1000 1350 1059 ita
1377 1002 1517 1059 etin
1564 998 1783 1058 sinendi
1818 998 1996 1059 modo
2025 999 2194 1081 legato

357 1190 502 1247 actio
535 1195 633 1261 est,
665 1205 880 1256 Quioum
906 1204 1159 1246 nanum!
1186 1205 1254 1246 nx
1280 1203 1612 1245 resumtum
1640 1204 1779 1245 name
1806 1204 2011 1246 racmn
2039 1205 2194 1248 oron-

354 1298 472 1342 ·rur.
512 1332 516 1339 .
559 1290 723 1340 214.
760 1279 903 1337 Sunt
929 1286 1119 1337 tamen
1168 1279 1266 1358 qui
1312 1286 1546 1357 putant,
1582 1297 1650 1336 ex
1693 1276 1803 1336 hoc
1847 1276 2043 1357 legato
2088 1299 2196 1336 nou

356 1373 534 1432 videri
560 1372 875 1454 obligatum
905 1371 1173 1430 heredem
1209 1382 1271 1430 ut
1298 1372 1611 1450 mancipet,
1643 1379 1740 1430 aut
1769 1373 1827 1428 in
1851 1372 1986 1448 jura
2016 1370 2195 1442 cedat,

359 1476 457 1539 aut
482 1466 692 1537 tradat,
724 1467 822 1525 sed
849 1465 1107 1526 sufficere
1140 1474 1203 1524 ut
1229 1464 1566 1545 legatarium
1594 1485 1715 1524 rem
1753 1485 1978 1525 sumere
2023 1467 2200 1546 patia-

356 1567 475 1630 tur,
507 1560 641 1640 quia
678 1557 822 1617 nihil
851 1557 1002 1619 ultra
1031 1559 1082 1616 ei
1110 1566 1342 1618 testator
1369 1559 1667 1637 imperavit
1698 1578 1870 1637 quam
1902 1566 1964 1615 nt
2014 1562 2198 1630 sinat,

189 1093 193 1096 χ
281 1121 284 1126 ,
346 1096 497 1174 juris
521 1102 631 1165 θείς
655 1102 710 1154 et
742 1093 866 1153 ideo
897 1092 1069 1172 hujus
1098 1112 1326 1173 quoque
1353 1092 1521 1174 legati
1551 1095 1780 1152 nomine
1808 1096 1867 1151 in
1894 1113 2193 1173 personam
2263 1104 2264 1168 s

356 1653 412 1712 id
443 1661 526 1713 est
554 1655 818 1731 patiatur,
862 1651 1198 1732 legatarium
1232 1672 1354 1712 rem
1382 1652 1491 1711 sibi
1521 1650 1749 1712 habere.
1803 1663 1890 1713 21
1904 1662 1972 1712 ὅ.
2021 1653 2201 1731 Major
2265 1646 2266 1675 ³

357 1745 456 1805 illa
496 1746 769 1805 dissensio
816 1747 874 1804 in
924 1744 1031 1805 hoc
1074 1744 1259 1825 legato
1288 1746 1635 1815 intervenit,
1677 1746 1725 1804 si
1765 1743 2032 1804 eamdem
2084 1765 2202 1803 rem

356 1836 578 1898 duobus
642 1836 971 1918 pluribusve
1031 1837 1356 1915 disjunctim
1414 1835 1630 1917 legasti,
1698 1836 1943 1908 Quidam
2000 1848 2206 1918 putant

356 1934 608 2012 utrisque
662 1931 906 1991 solidum
944 1928 1169 2001 deberi,
1217 1931 1361 1990 sicut
1396 1950 1501 2011 per
1538 1929 1967 1990 damnationem
2006 1952 2021 1989 ε
2068 1951 2206 1990 non·

358 2023 500 2083 nulli
565 2025 894 2105 occupantis
942 2043 1064 2083 esse
1106 2019 1404 2082 meliorem
1458 2022 1840 2082 conditionem
1889 2025 2205 2092 aestimmm

357 2119 509 2196 quia,
541 2136 671 2176 cum
695 2120 757 2176 in
786 2136 853 2175 eo
881 2136 1086 2197 genere
1131 2115 1301 2196 legati
1329 2115 1646 2178 damnetur*
1671 2115 1835 2175 heres
1865 2118 2205 2196 patientiam
2267 2134 2269 2156 2

357 2217 624 2291 proestare
660 2217 725 2268 ut
749 2208 1051 2289 legatarius
1096 2227 1219 2267 rem
1260 2206 1499 2279 habeat,
1530 2210 1784 2289 sequitur
1812 2217 1907 2280 ut,
1938 2211 1982 2268 si
2019 2202 2205 2289 priori

356 2303 691 2382 patientiam
719 2303 1055 2382 proestiterit,
1089 2309 1142 2361 et
1171 2302 1219 2359 is
1239 2321 1362 2360 rem
1386 2304 1709 2382 sumpserit,
1741 2321 1973 2361 securus
1997 2306 2077 2361 sit
2106 2301 2209 2360 ad-

286 2423 295 2432 ·
357 2415 549 2456 versus
579 2416 708 2455 eum
738 2398 834 2477 qui
864 2404 1058 2476 postea
1095 2394 1343 2475 legatum
1375 2397 1621 2475 petierit,
1654 2398 1788 2475 quia
1817 2415 2004 2476 neque
2036 2396 2212 2455 hahet

276 2547 284 2563 ,
356 2508 480 2549 rem
517 2498 579 2548 ut
606 2489 852 2569 patiatur
887 2507 1014 2547 eam
1043 2486 1117 2547 ab
1161 2507 1226 2546 eo
1255 2490 1439 2561 sumi,
1470 2508 1655 2569 neque
1703 2488 1833 2547 dolo
1870 2488 2031 2549 malo
2084 2491 2212 2549 fecit

357 2585 664 2663 quominus
691 2601 816 2640 eam
846 2602 966 2641 rem
994 2581 1246 2641 haberet.
1696 2568 1703 2582 ⁸

436 2688 602 2737 Μαι.
635 2677 745 2735 Per
773 2679 1208 2757 praeceptionem
1235 2677 1343 2737 hoc
1367 2676 1535 2736 modo
1565 2676 1821 2760 legamus
1853 2701 1867 2736 ε
1900 2677 2103 2738 Luctus
2122 2677 2214 2735 Τι-

357 2789 469 2831 rms
497 2790 741 2832 nomnen
771 2771 1004 2831 Sricuuu
1034 2789 1327 2833 rumim.
1410 2782 1576 2832 21¹³.
1611 2771 1721 2833 Sed
1766 2774 1947 2831 nostri
1972 2771 2215 2852 quidem

357 2874 729 2945 praeceptores
760 2862 901 2922 nulli
930 2863 1025 2922 aiii
1051 2883 1118 2923 eo
1140 2863 1310 2923 modo
1347 2861 1522 2944 legari
1553 2885 1719 2945 posse
1749 2873 1979 2945 putant,
2013 2865 2136 2922 nisi
2166 2865 2217 2921 ei

359 2959 458 3036 qui
486 2956 679 3035 aliqua
708 2975 776 3013 ex
818 2964 980 3034 parte
1006 2954 1170 3015 heres
1210 2957 1451 3035 scriptus
1477 2967 1621 3016 esset
1653 2979 1667 3015 ε
1703 2959 2011 3038 praecipere
2053 2958 2215 3015 enim

361 3067 482 3107 esse
519 3050 866 3128 praecipuum
911 3067 1161 3116 sumere3
1215 3047 1365 3126 quod
1412 3056 1633 3106 tantum
1680 3050 1740 3106 in
1788 3052 1911 3127 eJus
1959 3068 2217 3128 persona

359 3140 642 3219 procedit,
674 3141 772 3219 qui
801 3140 993 3217 aliqua
1029 3160 1095 3199 ex
1123 3148 1284 3219 parte
1312 3139 1474 3199 heres
1497 3144 1787 3200 institutus
1826 3148 1942 3211 est,
1975 3141 2143 3221 quod
2161 3142 2222 3199 is

364 3243 516 3293 extra
548 3235 866 3313 portionem
894 3232 1216 3291 hereditatis
1248 3236 1596 3313 praecipuum
1625 3234 1873 3320 legatum
1900 3233 2217 3293 habiturus
