2292 3684
217 122 359 165 sust.
391 123 538 165 msr.
577 124 632 164 r..
661 114 757 176 ¹1¹5
787 123 840 164 τ.
867 124 984 163 xvr.
1027 124 1100 163 ns
1127 123 1290 165 nuos.
1323 122 1443 165 nats
1468 124 1610 165 sur.
1642 124 1715 165 rr
1738 124 1905 166 raon.
1948 112 2051 165 445

221 228 436 288 Mincius
457 246 620 306 vivrr,
640 244 785 287 naas
811 225 1077 287 sponnas?
1103 246 1266 296 nam,
1298 230 1343 285 si
1372 248 1437 285 ea
1466 228 1543 285 ita
1571 246 1685 285 non
1714 236 1874 297 sunt,
1905 225 2049 287 nihil

219 319 360 379 valet
385 318 698 400 stipulatio;
731 320 818 379 siu
843 329 1034 381 autem
1058 321 1138 378 ita
1166 338 1225 379 se
1252 318 1485 391 babent,
1515 320 1703 379 statim
1732 320 1891 381 valet.
1917 319 2049 392 Quae

217 414 366 471 enim
397 432 501 493 per
527 431 719 472 rerum
751 414 1015 473 natu'ram
1043 422 1177 472 suut
1209 422 1389 485 certa,
1422 432 1537 473 non
1570 422 1866 472 morantur
1903 412 2053 473 obli-

216 507 526 587 gationem,
557 504 687 567 licet
715 505 868 588 apud
897 525 1002 565 nos
1028 508 1244 566 ineerta
1274 508 1407 567 sint.

297 632 361 683 v.
407 620 534 680 Non
573 620 758 681 solum
797 640 888 680 res
931 623 994 679 in
1036 620 1367 702 stipulatum
1408 620 1607 681 deduci
1654 622 2051 703 possunt„sed

214 714 385 773 etiam
405 712 574 784 faeta,
605 720 667 773 ut
693 714 741 773 si
761 711 1100 793 stipulemur
1121 712 1333 793 aliquid
1362 713 1508 785 fleri,
1542 714 1627 775 vel
1662 736 1777 775 non
1805 714 1949 775 fieri.
1986 716 2055 774 Et

214 807 276 864 in
302 804 626 885 huJusmodi
653 794 1114 886 stipulationibus
1151 808 1430 885 optimum
1459 808 1565 866 erit
1603 827 1831 888 poenam
1873 805 2056 887 subji-

215 918 368 972 cere,
417 917 488 965 ne
515 899 799 979 quantitas
837 896 1217 977 stipulationis
1251 898 1313 957 in
1339 899 1553 957 incerto
1584 900 1684 972 sit,
1730 918 1795 959 ac
1832 918 2057 959 neeesse

79 1039 88 1047 .
219 992 292 1051 sit
318 993 494 1051 actori
524 988 772 1071 probare
803 990 941 1071 quid
968 991 1090 1070 ejus
1117 992 1355 1052 intersit.
1387 991 1604 1073 ltaque,
1637 995 1684 1053 si
1712 995 1839 1073 quis
1868 1003 1929 1053 ut
1956 992 2056 1053 flat

215 1084 432 1165 aliquid
459 1083 778 1165 stipuletur,
804 1084 884 1141 ita
911 1081 1076 1163 adjici
1104 1103 1275 1164 poena
1302 1084 1469 1145 debet
1496 1107 1509 1143 :
1544 1104 1591 1145 ει
1622 1103 1706 1145 rra
1734 1104 1934 1146 rec-run
1952 1104 2055 1145 non

217 1196 362 1249 narr,
391 1194 523 1237 runc
550 1194 726 1236 roam
751 1195 953 1239 noum
985 1194 1167 1237 uncam
1200 1176 1397 1239 abusos
1432 1196 1570 1238 nsua
1598 1198 1840 1240 sroxuts.
1872 1180 1977 1239 Sed
2008 1184 2057 1240 si

221 1270 480 1353 quoedam
508 1270 660 1343 lieri,
695 1269 953 1351 quaedam
989 1290 1106 1330 non
1131 1270 1285 1343 fleri,
1318 1291 1435 1331 una
1473 1272 1781 1354 eademque
1814 1292 2057 1355 concep—

217 1366 372 1425 tione
392 1363 711 1445 stipuletur,
741 1362 998 1423 clausula
1025 1361 1353 1442 hujusmodi
1380 1365 1485 1423 erit
1512 1364 1824 1445 adjicienda
1854 1386 1867 1425 :
1900 1384 1946 1425 st
1964 1383 2059 1425 An-

221 1474 408 1517 vnsus
432 1472 502 1515 aa
535 1472 738 1515 tamnu
771 1473 921 1525 ann,
939 1468 1070 1514 ‘swa
1093 1472 1221 1523 Qum
1257 1474 1339 1515 m
1375 1473 1576 1517 rac-rou
1610 1474 1715 1518 nou
1748 1473 1897 1527 narr,
1927 1476 2055 1519 'runc

223 1566 399 1609 ronna
421 1566 628 1609 noum
652 1565 832 1609 nsum
859 1565 1056 1610 suasos
1075 1547 1501 1610 vastaremus?

341 1778 456 1843 Τι’-ι’.
489 1780 629 1843 xvl.
659 1780 742 1840 Du
770 1798 966 1842 nuosus
999 1798 1116 1841 mus
1144 1800 1444 1843 mmmmm
1471 1800 1537 1843 m·
1563 1801 1933 1846 monn-runai.

299 1964 370 2025 Et
397 1958 706 2045 stipulandi
741 1972 796 2023 et
823 1964 1190 2045 promittendi
1216 1964 1327 2037 duo
1355 1965 1611 2048 pluresve
1648 1970 1731 2027 rei
1765 1967 1885 2027 fieri
1926 1988 2055 2049 pos-

218 2065 375 2120 sunt.
413 2054 732 2138 Stipulandi
758 2058 856 2129 ita,
891 2058 938 2116 si
965 2064 1094 2138 post
1120 2060 1379 2118 omnium
1407 2061 1903 2142 interrogationem
1919 2081 2059 2142 pro-

217 2152 427 2213 missor
472 2150 810 2237 respondeat
854 2169 1112 2223 sronnno,
1154 2160 1227 2231 ‚ut
1266 2160 1436 2233 puta,
1484 2174 1651 2225 eum,
1700 2152 1923 2213 duobus
1966 2174 2060 2215 se-

217 2245 468 2321 paratim
491 2240 922 2323 stipulantibus,
960 2245 1042 2303 ita
1068 2246 1385 2325 promissor
1425 2246 1801 2326 respondeat:
1841 2264 2060 2317 υτιιιρυι

219 2356 458 2399 nst-auu
497 2355 632 2397 naas
675 2356 936 2408 erumnam
975 2360 1142 2411 nam,
1186 2341 1234 2399 si
1276 2342 1437 2420 prius
1478 2340 1623 2400 Titio
1664 2342 2057 2423 spoponderit,

217 2430 452 2502 deinde,
491 2429 601 2489 alio
642 2431 1058 2511 interrogante,
1104 2431 1417 2512 spondeat,
1450 2432 1561 2492 alia
1584 2441 1773 2514 .atque
1800 2434 1913 2494 alia
1954 2439 2060 2495 erit

220 2522 525 2605 obligatio,
557 2541 664 2583 nse
687 2523 994 2585 creduntur
1023 2524 1136 2583 duo
1166 2525 1247 2583 rei
1274 2525 1581 2604 stipulandi
1607 2546 1747 2587 esse.
1788 2526 1911 2587 Duo
1936 2527 2059 2608 plu-

219 2637 384 2677 resve
405 2618 486 2676 rei
516 2617 880 2697 promittendi
915 2619 994 2676 ita
1023 2615 1166 2676 liunt
1191 2639 1205 2676 ε
1236 2618 1419 2689 an,
1452 2636 1675 2688 onmem:
1700 2638 1897 2681 suasos
1924 2640 2059 2681 naar:

217 2708 484 2773 munus?
501 2710 614 2781 Str,
633 2727 844 2771 nosuau
859 2730 1086 2781 ommim
1103 2730 1300 2771 suanos
1318 2730 1455 2771 nans:
1477 2698 1735 2773 sedunus?
1754 2716 1800 2772 si
1828 2734 2059 2796 respon·

215 2804 354 2866 dent
382 2802 593 2887 singuli
621 2807 928 2884 separatim
957 2826 970 2864 :
997 2824 1250 2866 srounso.

306 2933 343 2983 1
355 2969 368 2982 .
393 2921 476 2980 Ex
495 2918 821 2999 hujusmodi
845 2920 1305 3002 obligationibus,
1324 2930 1379 2980 et
1396 2920 1797 3002 stipulantibus
1815 2919 2056 2982 solidum

215 3014 458 3096 singulis
484 3010 740 3088 debetur,
771 3020 828 3073 et
852 3014 1241 3095 promittentes
1265 3011 1474 3093 singuli
1502 3015 1561 3072 in
1590 3011 1833 3073 solidum
1860 3023 2057 3073 tenen-

215 3116 343 3178 ιιι-ς
375 3107 438 3165 iu
465 3114 707 3187 utraque
733 3115 924 3166 tamen
955 3104 1299 3186 obligatione
1342 3125 1459 3165 uua
1490 3124 1579 3165 res
1607 3106 1860 3177 vertitur,
1892 3115 1946 3165 et
1970 3104 2057 3165 vel

215 3198 365 3260 alter
390 3196 646 3259 debitum
679 3198 1023 3280 accipiendo,
1056 3198 1141 3259 vel
1172 3198 1313 3258 alter
1340 3198 1631 3271 solvendo,
1663 3200 1922 3259 omnium
1950 3218 2055 3279 pe-

213 3293 371 3351 rimit
401 3290 832 3371 obligationem,
863 3300 918 3351 et
944 3309 1140 3351 omnes
1165 3286 1387 3353 liberat.
