2292 3684
426 110 517 157 ‘nn
560 111 1008 158 coam-nomana
1044 112 1114 153 m·
1151 108 1680 154 nocuum-mmm&
1901 93 2035 157 957‘

134 187 375 273 siamosa
410 232 583 272 causa
624 222 735 284 est,
766 214 879 271 nisi
910 220 1124 274 constet
1160 214 1214 273 ei
1242 231 1281 274 a
1317 220 1505 274 tutore
1530 211 1876 273 mandatum
1900 232 2006 275 no·
2043 266 2050 273 ,

138 308 448 367 minutim.
528 334 533 339 ·

230 408 401 459 841.
456 444 467 459 .
519 445 533 458 .
579 444 592 457 .
634 443 655 457 .
707 446 721 459 .
765 444 777 457 .
834 445 845 458 .
896 444 907 457 .
962 446 975 457 .
1025 444 1038 458 .
1092 446 1105 458 .
1155 418 1252 457 um
1295 398 1364 457 de
1413 396 1677 480 pluribus
1707 399 2006 479 speciebus

141 535 698 550 .........
746 500 991 563 cavetur,
1031 490 1184 570 quod
1215 489 1396 550 edicto
1423 500 1630 571 proetor
1650 494 2010 572 perspicien—

138 582 295 643 dum
344 626 941 641 ..........
964 624 1003 657 ,.
1058 627 1070 640 .
1124 628 1137 640 .
1166 580 1511 660 facultatem
1539 581 1630 641 vel
1649 600 1686 640 a
1713 584 2005 663 cognitore

142 722 158 733 .
210 717 227 732 .
286 720 299 733 .
355 720 367 733 .
416 719 431 733 .
480 720 493 733 .
542 720 556 733 .
606 720 620 734 .
671 720 684 734 .
736 717 754 735 .
806 722 817 735 .
872 721 885 735 .
934 721 947 735 .
998 721 1010 735 .
1061 720 1075 755 3
1121 717 1137 732 .
1187 720 1201 734 .
1253 672 2000 756 ,judiciumtransferendi

146 811 1270 829 ..................
1319 768 1624 847 cognitoris
1661 771 1734 827 sit
1759 768 2008 828 affecta-
2057 763 2071 826 .’

147 868 219 921 ta
266 902 734 920 ........
754 880 763 893 ·
790 904 1194 919 .......
1242 861 1474 937 tpossit
1525 859 1832 919 transferre
1884 880 2002 920 non

148 1000 165 1014 .
218 996 236 1014 .
291 936 331 1014 .’
358 998 635 1014 .....
658 1000 703 1022 ,.
748 952 921 1015 verba
947 952 1111 1012 edicti
1142 952 1277 1012 talia
1305 961 1480 1013 sunt:
1524 977 1548 1005 α
1579 953 1644 1011 Εἰ
1673 955 1770 1033 qui
1811 957 2002 1033 cogni-

154 1054 343 1114 torem
383 1090 1113 1107 ............
1162 1064 1240 1105 re.
1272 1072 1298 1100 n
1341 1046 1440 1113 His
1467 1044 1655 1104 verbis
1672 1063 1788 1103 non
1817 1046 2002 1104 solum

162 1185 180 1203 .
237 1184 834 1201 ..........
838 1206 849 1225 ,
888 1186 1220 1201 ......
1269 1160 1366 1199 are
1420 1147 1608 1199 autem
1659 1142 2006 1221 cognitorem

1503 1482 1522 1517 ἱ

974 2048 1179 2098 runs,
