2292 3684
391 104 540 145 ww.
577 104 718 145 ικετ.
751 104 802 145 1..
835 102 923 158 m,
953 104 1006 143 τ.
1035 102 1130 145 xv.
1172 103 1245 145 ns
1276 103 1569 145 vuasonuu
1599 104 1848 147 oannem.
1937 95 2039 149 “3

289 208 356 256 τ.
399 196 600 255 Omnis
637 194 922 276 stipulatio
963 203 1060 255 aut
1104 214 1277 275 pure,
1326 204 1423 255 aut
1471 198 1529 254 in
1576 196 1751 269 diem,
1802 207 1897 257 aut
1932 200 2059 295 sub⁸

206 289 528 351 conditione
557 290 618 350 fit
651 312 665 347 ε
703 310 868 370 pure,
900 288 1067 348 veluti
1101 311 1114 348 ε
1145 307 1371 359 Quisque
1396 308 1593 351 suasos
1620 310 1755 351 naas
1778 298 2038 357 sroxnss?

203 382 376 463 idque
401 383 700 443 confestim
729 384 841 463 peti
870 390 1082 463 potest3
1115 384 1173 441 iu
1203 382 1381 453 diem,
1413 403 1538 442 cum
1570 384 1785 464 adjecto
1811 385 1899 445 die
1927 407 2040 466 quo

201 478 450 556 pecunia
474 476 756 549 solvatur,
788 475 1071 555 stipulatio
1100 474 1181 547 fit,
1204 474 1371 534 veluti
1396 499 1407 534 :
1438 494 1615 536 necem
1648 498 1845 539 suasos
1868 498 2041 539 Pnnns

203 588 460 633 mannis
489 590 696 634 namus
723 589 860 631 nans
886 568 1151 631 sponnss?
1179 570 1243 629 ld
1271 580 1455 630 autem
1487 572 1637 651 quod
1667 576 1723 631 in
1758 574 1905 633 diem
1939 578 2042 633 sti-

203 663 502 744 pulamur,
552 668 741 724 statim
785 664 1010 744 quidem
1053 662 1321 734 debetur;
1373 663 1469 723 sed
1515 668 1661 744 peti,
1708 669 2037 748 priusquam

205 756 324 816 dies
362 759 604 830 venerit,
647 776 763 818 non
804 764 1000 833 potest.
1047 756 1126 815 Ae
1176 776 1247 814 ne
1290 774 1355 814 eo
1403 756 1627 833 quidem
1665 760 1788 839 ipso
1825 759 1945 830 die,
1982 764 2037 819 in

205 870 378 931 quem
414 849 702 930 stipulatio
746 849 890 909 facta
931 858 1042 919 est,
1087 852 1199 929 peti
1238 858 1442 930 potest,
1484 853 1617 931 quia
1654 859 1799 911 totus
1842 856 1889 911 is
1922 853 2038 913 dies

204 943 443 1003 arbitrio
470 943 732 1003 solventis
762 941 933 1002 tribui
964 941 1154 1013 debet;
1185 962 1367 1023 neque
1406 946 1557 1001 enim
1597 954 1809 1003 certum
1849 956 1931 1005 est
1970 966 2039 1007 eo

203 1034 296 1096 die
322 1038 382 1095 in
417 1056 585 1117 quem
625 1038 964 1116 promissum
1001 1046 1108 1108 est,
1143 1034 1335 1093 datum
1370 1055 1484 1094 non
1514 1056 1661 1107 esse,
1703 1040 2038 1119 priusquam

201 1130 254 1189 is
278 1130 631 1211 praeterierit.

283 1232 350 1284 8.
382 1221 455 1281 At
482 1223 528 1281 si
559 1224 636 1281 ita
664 1219 946 1301 stipuler-is
978 1242 991 1279 τ
1023 1239 1201 1285 nscsu
1228 1240 1424 1282 suasos
1450 1240 1643 1283 annuos
1669 1242 1845 1293 Quosn
1872 1242 2037 1286 vivan

203 1334 340 1377 nm
366 1316 630 1378 sroxnzs?
659 1325 712 1376 et
752 1336 892 1397 pure
927 1316 1076 1376 facta
1111 1315 1381 1396 obligatio
1421 1317 1779 1398 intelligitur,
1820 1328 1873 1377 et
1902 1339 2037 1399 per-

203 1418 494 1491 petuatur,
536 1411 671 1491 quia
714 1410 784 1467 ad
824 1418 1046 1491 tempus
1089 1407 1282 1467 deberi
1323 1428 1441 1467 nou
1476 1410 1691 1489 ‘potest;
1737 1409 1833 1469 sed
1872 1410 2036 1471 heres
2134 1458 2145 1477 .

201 1502 444 1584 petendo
475 1504 622 1584 pacti
651 1504 978 1583 exceptione
1005 1498 1452 1561 submovebitur.

278 1608 348 1659 4.
383 1596 501 1656 Sub
528 1596 850 1656 conditione
869 1594 1159 1675 stipulatio
1186 1593 1275 1667 fit,
1307 1614 1437 1655 cum
1473 1596 1533 1653 in
1562 1594 1811 1675 aliquem
1838 1616 2035 1657 casum

199 1690 468 1751 differtur
505 1689 803 1771 obligatio,
841 1699 930 1761 ut,
979 1691 1026 1748 si
1068 1688 1281 1771 aliquid
1316 1689 1527 1749 factum
1574 1689 1743 1749 fuerit
1783 1700 1881 1751 aut
1922 1711 2037 1753 uon

201 1784 398 1855 fuerin
431 1782 718 1865 stipulatio
743 1784 1142 1851 committatur,
1173 1780 1343 1841 veluti
1378 1803 1390 1842 :
1424 1786 1470 1841 si
1494 1783 1671 1843 'rmus
1699 1802 1890 1845 consul.
1910 1802 2036 1845 rus-

199 1897 286 1939 nn·
310 1895 530 1950 sacrus,
559 1894 784 1947 omnious
810 1894 1008 1937 suasos
1042 1893 1181 1935 nans
1207 1874 1468 1935 sromnss?
1504 1875 1560 1935 Si
1593 1878 1719 1956 quis
1746 1878 1825 1936 ita
1850 1880 2037 1959 stipu-

199 1970 374 2030 letur:
402 1989 450 2030 ει
477 1988 534 2029 m
559 1987 870 2029 csmnmun
889 1986 992 2028 non
1011 1985 1327 2040 nexuosae,
1358 1986 1495 2027 nans
1516 1966 1783 2028 seminas?
1802 1971 2035 2050 perinde

200 2065 308 2125 erit
331 2085 412 2140 ac=
426 2065 474 2123 si
502 2062 803 2144 stipulatus
831 2071 992 2135 esset,
1023 2082 1154 2121 cum
1177 2064 1467 2133 morietur,
1499 2061 1606 2120 sibi
1627 2062 1766 2123 dari.
1800 2064 1883 2122 Ex
1902 2084 2057 2133 eon-,

199 2156 456 2217 ditiouali
484 2155 846 2237 stipulatione
873 2163 1094 2215 tantum
1125 2174 1254 2236 spes
1278 2164 1359 2214 est
1386 2153 1637 2215 debitum
1665 2157 1759 2227 iri,
1796 2176 2034 2239 eamque

199 2252 387 2332 ipsam
425 2268 585 2328 spem
623 2250 682 2307 in
719 2247 980 2309 heredem
1025 2248 1487 2319 transmittimus,
1530 2249 1579 2306 si
1624 2248 1813 2327 prius,
1859 2270 2031 2331 quam

199 2342 448 2403 conditio
476 2344 701 2415 existat,
735 2360 886 2400 mors
918 2340 1081 2400 nobis
1111 2342 1420 2421 contigerit.

275 2447 345 2497 5.
385 2436 533 2495 Loca
576 2438 746 2495 etiam
783 2437 958 2494 inseri
999 2434 1349 2515 stipulationi
1386 2433 1594 2505 solent,
1631 2435 1799 2496 veluti
1833 2461 1846 2495 :
1888 2438 2031 2499 Can-

197 2548 426 2591 monm
449 2548 588 2589 nans
629 2528 900 2592 stelenus?
928 2528 1062 2601 Quae
1099 2528 1422 2610 stipulatio,
1454 2528 1584 2589 licet
1608 2551 1750 2611 pure
1784 2531 1908 2591 fleri
1944 2536 2031 2593 vi-

199 2624 423 2699 deatur,
463 2634 654 2685 tamen
684 2643 744 2684 re
785 2627 912 2705 ipsa
947 2623 1120 2684 habet
1162 2633 1386 2704 tempus
1422 2625 1718 2704 injectum,
1752 2646 1864 2708 quo
1890 2648 2031 2709 pro—

199 2719 403 2777 missor
438 2725 632 2777 utatur
671 2715 742 2775 ad
785 2718 1084 2797 pecuniam
1131 2716 1471 2797 Carthagine
1508 2716 1778 2791 dandam3
1821 2728 1875 2779 et
1904 2721 2030 2780 ideo

199 2815 246 2871 si
271 2814 400 2893 quis
427 2812 618 2871 Romae
653 2811 731 2870 ita
757 2810 1057 2891 stipuletur
1089 2832 1102 2869 :
1137 2828 1299 2870 noma
1335 2812 1672 2871 Caamsoms
1704 2831 1840 2873 mas
1875 2834 2029 2876 sren-

198 2906 337 2967 nns?
379 2904 596 2967 inutilis
629 2906 734 2965 erit
771 2904 1090 2987 stipulatio,
1131 2924 1262 2965 cum
1307 2905 1671 2987 impossibilis
1720 2910 1791 2968 sit
1828 2930 2030 2991 repro-

199 3020 412 3063 missio.

276 3108 340 3157 6.
373 3094 735 3155 conditiones
763 3113 886 3173 quae
913 3094 984 3152 ad
1012 3094 1381 3173 proeteritum,
1412 3093 1497 3152 vel
1518 3094 1589 3153 ad
1618 3114 1865 3174 praesens
1884 3105 2026 3157 tem-

202 3210 306 3271 pus
345 3189 702 3259 referuntur,
752 3196 848 3248 aut
887 3188 1075 3247 statim
1121 3186 1413 3247 infirmant
1448 3186 1881 3269 obligationem,
1931 3200 2027 3251 aut

203 3287 432 3344 omniuo
459 3288 576 3342 ‘non
608 3280 899 3353 differunt,
938 3280 1106 3341 veluti
1134 3304 1149 3339 ·.
1179 3283 1231 3340 si
1254 3282 1431 3341 Tit-ms
1458 3298 1649 3341 consui.
1682 3300 1826 3349 run,
1858 3280 1947 3340 vel
1980 3284 2026 3339 si
