2292 3684
426 57 635 104 suamc.
674 59 887 104 rnen.
924 59 1003 104 ux
1036 59 1410 104 comnena.
1447 63 1668 108 uniar«.
1873 53 1975 112 847

112 183 241 225 non
280 160 568 236 custodiit,
601 159 749 222 nihil
784 160 955 234 fecit,
936 183 951 198 ·
985 163 1085 244 qui
1133 170 1284 224 recte
1326 165 1522 246 ignem
1563 165 1830 247 subJecit,
1861 187 1978 229 uon

114 257 421 338 peccavit:
454 252 938 336 quemadmodum
976 256 1026 314 si
1066 255 1363 316 hominem
1403 258 1656 320 medicus
1699 269 1848 322 recte
1891 279 1980 321 se-

11 388 37 440 ]
114 353 323 424 cuerit,
346 349 445 410 sed
471 347 826 429 negligenter
852 349 984 410 vel
968 368 1110 428 ipse,
1130 349 1222 409 vel
1251 350 1396 410 alius
1425 355 1726 428 curaverit,
1752 353 1982 436 Aquilia

113 450 326 506 cessat.
361 441 508 513 Quid
538 459 673 523 ergo
700 449 783 500 est
804 443 833 503 ‘l
860 442 931 501 Et
968 441 1063 501 hic
1096 449 1240 522 puto
1279 442 1349 502 ad
1385 445 1710 527 exemplum
1741 446 1982 529 Aquiliae

114 538 375 598 dandam
418 539 698 598 actionem
737 541 857 596 tam
901 537 965 596 in
1011 555 1144 596 eum
1185 539 1288 618 qui
1328 537 1402 597 ad
1441 539 1732 602 fornacem
1767 539 1980 602 obdor-

108 634 313 707 mivit,
350 629 441 692 vel
486 629 843 713 negligenter
888 629 1182 702 custodiit,
1222 649 1398 712 qnam
1441 633 1502 692 in
1547 633 1834 694 medicum
1879 637 1980 717 qni

11 743 52 794 με
112 726 479 810 negligenter
504 725 748 797 curavit,
785 726 902 784 sive
929 723 1105 784 homo
1133 725 1328 816 periit,
1361 726 1478 784 sive
1513 725 1838 788 debilitatus
1877 735 1976 788 est.

22 851 51 890 1-
112 823 239 883 Nec
287 821 591 902 quisquam
638 818 843 878 dixerit
884 818 947 877 in
994 837 1063 878 eo
1114 820 1215 899 qui
1259 803 1633 901 obdormivit,
1681 839 1805 881 rem
1849 841 1985 884 eum

113 914 443 974 humanam
484 917 539 972 et
582 907 905 972 naturalem
941 927 1207 990 passum,
1237 929 1368 970 cum
1407 905 1638 972 deberet
1673 909 1759 972 vel
1791 909 1985 994 ignem

11 1047 43 1082 Γ,
115 1009 484 1090 extinguere,
522 999 612 1066 vel
656 1007 736 1064 ita
780 1005 1039 1077 munire,
1080 1011 1143 1062 ut
1189 1019 1308 1064 non
1360 1011 1646 1087 evagaret.
1731 1015 1801 1068 8.
1844 1005 1986 1069 Item

11 1142 34 1174 ‚2
112 1100 275 1162 libro
306 1099 377 1162 vl
410 1119 480 1161 ex
506 1097 747 1161 viviano
773 1097 1015 1159 relatum
1044 1103 1156 1172 est,
1189 1097 1236 1157 si
1266 1095 1502 1158 furnum
1529 1099 1841 1162 secundum
1870 1124 1977 1184 pa-

23 1232 37 1268 2
115 1199 327 1257 rietem
369 1212 735 1254 communem
770 1189 1047 1264 haberes,
1083 1211 1158 1251 an
1203 1191 1398 1252 damni
1439 1191 1654 1276 injuria
1689 1193 1986 1256 tenearis?

118 1291 199 1350 Et
243 1290 321 1348 ait
352 1287 445 1369 agi
483 1305 601 1347 non
642 1305 808 1367 posse
850 1282 1076 1368 Aquilia
1116 1282 1268 1367 lege,
1301 1287 1438 1366 quia
1474 1307 1579 1348 nec
1612 1309 1741 1348 cum
1782 1309 1850 1350 eo
1887 1291 1991 1371 qui

11 1423 29 1456 ¹·
122 1383 323 1445 focum
348 1380 589 1442 baberet
619 1403 632 1440 ε
666 1387 721 1442 et
756 1379 883 1441 ideo
920 1371 1146 1462 oequum
1175 1387 1340 1462 putat
1366 1379 1672 1460 in‘Jactum
1705 1386 1988 1446 actionem

11 1515 27 1554 ς
124 1477 399 1540 dandam.
432 1473 541 1537 Sed
576 1495 693 1536 non
726 1475 999 1558 proponit
1040 1481 1300 1535 exustum
1331 1473 1622 1557 parietem.
1658 1477 1806 1539 Sane
1834 1479 1987 1540 enim

11 1592 21 1646 ς
126 1572 309 1655 quoeri
349 1575 563 1652 potest,
605 1567 699 1649 (εἰ)
737 1567 994 1629 nondum
1030 1567 1174 1628 mibi
1217 1567 1494 1629 damnum
1531 1566 1782 1646 dederis,
1815 1579 1870 1633 et
1908 1573 1988 1633 ita

11 1707 21 1740 ;,
127 1669 326 1749 ignem
352 1662 599 1736 habeas,
628 1670 693 1721 nt
732 1668 985 1722 metuam
1022 1679 1097 1721 ne
1133 1659 1278 1719 mihi
1307 1658 1497 1737 detur,
1527 1679 1754 1743 aequum
1792 1665 1863 1722 sit
1897 1683 1992 1724 me

9 1799 16 1834 ι
130 1760 363 1821 interim
395 1759 681 1818 actionem
718 1757 780 1815 in
815 1754 1029 1815 factum
1062 1756 1392 1835 impetrare.
1425 1753 1702 1817 Fortassis
1737 1759 1891 1817 enim
1921 1756 1991 1818 de

11 1893 15 1928 ξ
129 1855 247 1915 hoc
282 1853 520 1913 senserit
556 1847 829 1909 Proculus
860 1869 873 1906 τ
906 1849 1017 1908 nisi
1060 1849 1188 1929 quis
1225 1847 1429 1909 dixerit
1464 1847 1660 1908 damni
1701 1869 1816 1910 non
1857 1851 1990 1912 facti

134 1945 400 2010 sufficere
424 1945 765 2006 cautionem.
849 1952 920 2003 9.
947 1939 1053 2002 Sed
1084 1950 1137 2002 et
1165 1941 1214 2002 si
1242 1943 1342 2023 qui
1368 1939 1514 2002 servi
1543 1941 1810 2024 inquilini
1837 1945 1994 2004 insu-

131 2041 256 2102 lam
297 2039 641 2110 exusserint,
674 2035 824 2096 libro
864 2033 915 2096 X
949 2035 1175 2095 Urseius
1217 2033 1392 2096 refert
1429 2031 1708 2096 Sabinum
1749 2057 1993 2119 respon-

133 2136 287 2196 disse
311 2134 437 2216 lege
463 2129 693 2214 Aquilia
720 2147 1015 2191 servorum
1045 2130 1278 2190 nomine
1305 2129 1602 2190 dominum
1631 2131 1820 2191 noxali
1840 2132 1995 2213 Judi-

132 2231 227 2292 cio
250 2225 703 2290 conveniendum
725 2244 739 2283 ε
764 2244 833 2284 ex
856 2223 1041 2284 locato
1060 2229 1252 2282 autem
1271 2221 1568 2282 dominum
1594 2227 1775 2284 teneri
1801 2234 1988 2306 negat.

134 2320 413 2386 Proculus
443 2326 635 2380 autem
664 2316 957 2399 respondit
975 2359 989 2385 ,
1022 2334 1156 2378 cum
1191 2314 1378 2376 coloni
1419 2319 1566 2377 servi
1595 2316 1788 2378 villam
1823 2338 1990 2379 exus-

136 2421 345 2492 serint,
374 2414 645 2478 colonum
674 2411 765 2473 vel
801 2431 873 2471 ex
906 2410 1123 2482 locato,
1155 2409 1243 2472 vel
1269 2407 1394 2493 lege
1420 2410 1648 2492 Aquilia
1677 2415 1884 2486 teneri,
1913 2415 1994 2474 ita

139 2523 206 2575 ut
240 2509 477 2574 colonus
522 2527 712 2569 servos
748 2510 941 2587 posset
974 2521 1137 2564 noxoe
1174 2503 1380 2566 dedere
1415 2526 1429 2564 z
1463 2511 1520 2565 et
1545 2507 1596 2565 si
1629 2523 1750 2566 nno
1777 2506 1996 2587 jndicio

137 2629 234 2671 res
260 2612 407 2668 esset
426 2603 701 2685 judicata,
727 2599 905 2660 altero
934 2597 1184 2680 amplius
1212 2617 1331 2660 non
1360 2599 1664 2682 agendum.
1729 2610 1844 2663 10.
1871 2600 1996 2663 Cel·

139 2721 239 2764 sus
263 2699 412 2760 libro
440 2695 635 2757 xxvu
664 2693 1020 2774 Digestorum
1058 2691 1285 2765 scribit,
1315 2694 1365 2752 si
1401 2711 1532 2753 cum
1570 2711 1708 2774 apes
1742 2711 1884 2755 meoe
1923 2695 1996 2755 ad

136 2802 267 2854 tuas
302 2788 685 2858 advolassent,
718 2793 781 2846 tu
822 2803 919 2846 eas
946 2786 1256 2858 exusseris,
1284 2785 1564 2865 quosdam
1597 2804 1805 2866 negare
1837 2807 1994 2849 com-

141 2893 333 2970 petere
373 2882 514 2964 legis
552 2877 791 2960 Aquiliae
834 2877 1154 2950 actionem,
1184 2878 1335 2938 inter
1375 2897 1518 2958 quos
1565 2884 1621 2939 et
1660 2879 1994 2954 Proculum,

144 2979 309 3062 quasi
345 2995 482 3057 apes
519 2972 759 3033 dominii
802 2972 920 3030 mei
960 2988 1078 3031 non
1119 2968 1346 3030 suerint.
1381 2969 1494 3032 Sed
1529 2969 1590 3028 id
1628 2969 1838 3032 falsum
1875 2993 1998 3034 esse

144 3071 341 3136 Celsus
382 3071 486 3143 ait,
517 3085 649 3129 cum
686 3085 821 3147 apes
860 3066 1116 3127 revenire
1155 3062 1403 3138 soleant,
1431 3074 1488 3125 et
1521 3063 1664 3124 mibi
1701 3076 1850 3127 sunt.
1889 3067 1999 3128 Sed

148 3165 357 3227 fructui
384 3160 659 3223 Proculus
686 3179 755 3220 eo
780 3167 1040 3224 movetur
1056 3201 1073 3230 ,
1106 3158 1261 3239 quod
1289 3177 1393 3218 nec
1419 3165 1756 3233 mansuetas,
1787 3178 1894 3221 nec
1919 3163 2000 3220 ita

149 3259 355 3322 clausa
398 3255 629 3317 fuerint.
664 3252 795 3334 lpse
832 3258 1027 3314 autem
1064 3251 1266 3316 Celsus
1305 3253 1386 3314 ait
1425 3250 1572 3315 nibil
1607 3255 1758 3316 inter
1797 3253 1902 3315 has
1941 3259 1999 3316 et
