<?xml version="1.0" encoding="UTF-8"?>
<!DOCTYPE html PUBLIC "-//W3C//DTD XHTML 1.0 Transitional//EN"
    "http://www.w3.org/TR/xhtml1/DTD/xhtml1-transitional.dtd">
<html xmlns="http://www.w3.org/1999/xhtml" xml:lang="en" lang="en">
 <head>
  <title>
</title>
<meta http-equiv="Content-Type" content="text/html;charset=utf-8" />
  <meta name='ocr-system' content='tesseract 3.04.00' />
  <meta name='ocr-capabilities' content='ocr_page ocr_carea ocr_par ocr_line ocrx_word'/>
</head>
<body>
  <div class='ocr_page' id='page_1' title='image "./manualejurissyn00paulgoog_0066.png"; bbox 0 0 2292 3684; ppageno 0'>
   <div class='ocr_carea' id='block_1_1' title="bbox 385 114 2025 182">
    <p class='ocr_par' dir='ltr' id='par_1_1' title="bbox 385 114 2025 182">
     <span class='ocr_line' id='line_1_1' title="bbox 385 114 2025 182; baseline -0.006 -7"><span class='ocrx_word' id='word_1_1' title='bbox 385 120 457 175; x_wconf 79' lang='lat'><strong>74</strong></span> <span class='ocrx_word' id='word_1_2' title='bbox 593 130 708 173; x_wconf 69' lang='lat' dir='ltr'><strong>mu</strong></span> <span class='ocrx_word' id='word_1_3' title='bbox 739 130 888 173; x_wconf 74' lang='lat' dir='ltr'><strong>mer.</strong></span> <span class='ocrx_word' id='word_1_4' title='bbox 915 130 966 169; x_wconf 84' lang='lat' dir='ltr'><strong>c.</strong></span> <span class='ocrx_word' id='word_1_5' title='bbox 995 130 1038 182; x_wconf 86' lang='lat'><strong>1,</strong></span> <span class='ocrx_word' id='word_1_6' title='bbox 1077 117 1138 180; x_wconf 71' lang='lat'><strong>55</strong></span> <span class='ocrx_word' id='word_1_7' title='bbox 1160 114 1338 167; x_wconf 45' lang='lat' dir='ltr'><strong>usal</strong></span> <span class='ocrx_word' id='word_1_8' title='bbox 1352 114 1439 167; x_wconf 74' lang='lat'><strong>22.</strong></span> <span class='ocrx_word' id='word_1_9' title='bbox 1482 125 1557 167; x_wconf 78' lang='lat' dir='ltr'><strong>na</strong></span> <span class='ocrx_word' id='word_1_10' title='bbox 1583 123 2025 167; x_wconf 68' lang='lat' dir='ltr'><strong>ufflctm&#39;rtoflss.</strong></span> 
     </span>
    </p>
   </div>
   <div class='ocr_carea' id='block_1_2' title="bbox 336 227 2261 3393">
    <p class='ocr_par' dir='ltr' id='par_1_2' title="bbox 387 227 2261 773">
     <span class='ocr_line' id='line_1_2' title="bbox 389 227 2253 315; baseline -0.006 -21"><span class='ocrx_word' id='word_1_11' title='bbox 389 232 541 315; x_wconf 86' lang='lat' dir='ltr'><strong>apud</strong></span> <span class='ocrx_word' id='word_1_12' title='bbox 585 234 1121 314; x_wconf 88' lang='lat' dir='ltr'><strong>coemptionatorem</strong></span> <span class='ocrx_word' id='word_1_13' title='bbox 1164 227 1293 287; x_wconf 82' lang='lat' dir='ltr'><strong>filiae</strong></span> <span class='ocrx_word' id='word_1_14' title='bbox 1332 227 1457 288; x_wconf 89' lang='lat' dir='ltr'><strong>loco</strong></span> <span class='ocrx_word' id='word_1_15' title='bbox 1498 228 1596 298; x_wconf 88' lang='lat' dir='ltr'><strong>sit,</strong></span> <span class='ocrx_word' id='word_1_16' title='bbox 1640 246 1765 308; x_wconf 80' lang='lat' dir='ltr'><strong>quoe</strong></span> <span class='ocrx_word' id='word_1_17' title='bbox 1800 229 1854 287; x_wconf 77' lang='lat' dir='ltr'><strong>ei</strong></span> <span class='ocrx_word' id='word_1_18' title='bbox 1896 235 2110 307; x_wconf 82' lang='lat' dir='ltr'><strong>nupta</strong></span> <span class='ocrx_word' id='word_1_19' title='bbox 2182 227 2253 283; x_wconf 88' lang='lat' dir='ltr'><strong>si</strong></span> 
     </span>
     <span class='ocr_line' id='line_1_3' title="bbox 389 318 2261 403; baseline -0.005 -17"><span class='ocrx_word' id='word_1_20' title='bbox 389 325 762 386; x_wconf 85' lang='lat' dir='ltr'><strong>nihilominus</strong></span> <span class='ocrx_word' id='word_1_21' title='bbox 798 327 966 385; x_wconf 88' lang='lat' dir='ltr'><strong>etiam</strong></span> <span class='ocrx_word' id='word_1_22' title='bbox 1008 344 1129 403; x_wconf 82' lang='lat' dir='ltr'><strong>quae</strong></span> <span class='ocrx_word' id='word_1_23' title='bbox 1166 324 1219 380; x_wconf 86' lang='lat' dir='ltr'><strong>ei</strong></span> <span class='ocrx_word' id='word_1_24' title='bbox 1254 328 1433 401; x_wconf 87' lang='lat' dir='ltr'><strong>nupta</strong></span> <span class='ocrx_word' id='word_1_25' title='bbox 1469 340 1585 379; x_wconf 92' lang='lat' dir='ltr'><strong>non</strong></span> <span class='ocrx_word' id='word_1_26' title='bbox 1621 330 1730 393; x_wconf 86' lang='lat' dir='ltr'><strong>est,</strong></span> <span class='ocrx_word' id='word_1_27' title='bbox 1764 338 1868 380; x_wconf 88' lang='lat' dir='ltr'><strong>nec</strong></span> <span class='ocrx_word' id='word_1_28' title='bbox 1904 318 1988 379; x_wconf 89' lang='lat' dir='ltr'><strong>ob</strong></span> <span class='ocrx_word' id='word_1_29' title='bbox 2034 318 2105 377; x_wconf 84' lang='lat' dir='ltr'><strong>id</strong></span> <span class='ocrx_word' id='word_1_30' title='bbox 2150 318 2261 377; x_wconf 84' lang='lat' dir='ltr'><strong>fili</strong></span> 
     </span>
     <span class='ocr_line' id='line_1_4' title="bbox 387 410 2260 496; baseline -0.004 -19"><span class='ocrx_word' id='word_1_31' title='bbox 387 418 512 479; x_wconf 93' lang='lat' dir='ltr'><strong>loco</strong></span> <span class='ocrx_word' id='word_1_32' title='bbox 535 420 624 489; x_wconf 89' lang='lat' dir='ltr'><strong>sit,</strong></span> <span class='ocrx_word' id='word_1_33' title='bbox 651 416 725 477; x_wconf 90' lang='lat' dir='ltr'><strong>ab</strong></span> <span class='ocrx_word' id='word_1_34' title='bbox 755 436 820 477; x_wconf 87' lang='lat' dir='ltr'><strong>co</strong></span> <span class='ocrx_word' id='word_1_35' title='bbox 838 416 1159 496; x_wconf 86' lang='lat' dir='ltr'><strong>mancipari</strong></span> <span class='ocrx_word' id='word_1_36' title='bbox 1178 416 1376 495; x_wconf 82' lang='lat' dir='ltr'><strong>possit.</strong></span> <span class='ocrx_word' id='word_1_37' title='bbox 1467 425 1503 473; x_wconf 89' lang='lat'>1</span> <span class='ocrx_word' id='word_1_38' title='bbox 1520 422 1648 473; x_wconf 69' lang='lat'><strong>18⁸.</strong></span> <span class='ocrx_word' id='word_1_39' title='bbox 1672 411 2031 493; x_wconf 82' lang='lat' dir='ltr'><strong>Plerumque</strong></span> <span class='ocrx_word' id='word_1_40' title='bbox 2066 410 2260 471; x_wconf 81' lang='lat' dir='ltr'><strong>solu</strong></span> 
     </span>
     <span class='ocr_line' id='line_1_5' title="bbox 390 502 2261 591; baseline -0.004 -22"><span class='ocrx_word' id='word_1_41' title='bbox 390 520 444 569; x_wconf 91' lang='lat' dir='ltr'><strong>et</strong></span> <span class='ocrx_word' id='word_1_42' title='bbox 473 530 506 569; x_wconf 89' lang='lat' dir='ltr'><strong>a</strong></span> <span class='ocrx_word' id='word_1_43' title='bbox 533 508 868 591; x_wconf 85' lang='lat' dir='ltr'><strong>parentibus</strong></span> <span class='ocrx_word' id='word_1_44' title='bbox 897 517 951 567; x_wconf 87' lang='lat' dir='ltr'><strong>et</strong></span> <span class='ocrx_word' id='word_1_45' title='bbox 975 528 1010 567; x_wconf 89' lang='lat' dir='ltr'><strong>a</strong></span> <span class='ocrx_word' id='word_1_46' title='bbox 1037 502 1616 586; x_wconf 86' lang='lat' dir='ltr'><strong>coemptionatoribus</strong></span> <span class='ocrx_word' id='word_1_47' title='bbox 1643 506 2093 586; x_wconf 77' lang='lat' dir='ltr'><strong>mancipantur,</strong></span> <span class='ocrx_word' id='word_1_48' title='bbox 2140 524 2261 563; x_wconf 82' lang='lat' dir='ltr'><strong>cu:</strong></span> 
     </span>
     <span class='ocr_line' id='line_1_6' title="bbox 387 596 2261 684; baseline -0.004 -20"><span class='ocrx_word' id='word_1_49' title='bbox 387 602 563 664; x_wconf 79' lang='lat' dir='ltr'><strong>velint</strong></span> <span class='ocrx_word' id='word_1_50' title='bbox 587 611 848 684; x_wconf 85' lang='lat' dir='ltr'><strong>parentes</strong></span> <span class='ocrx_word' id='word_1_51' title='bbox 884 602 1503 680; x_wconf 85' lang='lat' dir='ltr'><strong>coemptionatoresque</strong></span> <span class='ocrx_word' id='word_1_52' title='bbox 1539 596 1613 676; x_wconf 81' lang='lat' dir='ltr'><strong>(c)</strong></span> <span class='ocrx_word' id='word_1_53' title='bbox 1642 618 1743 659; x_wconf 86' lang='lat' dir='ltr'><strong>suo</strong></span> <span class='ocrx_word' id='word_1_54' title='bbox 1784 598 1917 677; x_wconf 86' lang='lat' dir='ltr'><strong>jure</strong></span> <span class='ocrx_word' id='word_1_55' title='bbox 1966 616 2078 657; x_wconf 84' lang='lat' dir='ltr'><strong>eas</strong></span> <span class='ocrx_word' id='word_1_56' title='bbox 2126 618 2261 677; x_wconf 68' lang='lat' dir='ltr'><strong>pel</strong></span> 
     </span>
     <span class='ocr_line' id='line_1_7' title="bbox 391 688 2041 773; baseline -0.005 -15"><span class='ocrx_word' id='word_1_57' title='bbox 391 717 560 759; x_wconf 85' lang='lat' dir='ltr'><strong>sonas</strong></span> <span class='ocrx_word' id='word_1_58' title='bbox 589 697 898 769; x_wconf 75' lang='lat' dir='ltr'><strong>dimittere,</strong></span> <span class='ocrx_word' id='word_1_59' title='bbox 935 697 1079 755; x_wconf 85' lang='lat' dir='ltr'><strong>sicut</strong></span> <span class='ocrx_word' id='word_1_60' title='bbox 1103 692 1341 753; x_wconf 80' lang='lat' dir='ltr'><strong>inferius</strong></span> <span class='ocrx_word' id='word_1_61' title='bbox 1378 690 1686 751; x_wconf 84' lang='lat' dir='ltr'><strong>evidentius</strong></span> <span class='ocrx_word' id='word_1_62' title='bbox 1714 688 2041 773; x_wconf 82' lang='lat' dir='ltr'><strong>apparebit.</strong></span> 
     </span>
    </p>

    <p class='ocr_par' dir='ltr' id='par_1_3' title="bbox 391 786 2261 1718">
     <span class='ocr_line' id='line_1_8' title="bbox 479 786 2261 868; baseline -0.003 -16"><span class='ocrx_word' id='word_1_63' title='bbox 479 801 637 852; x_wconf 73' lang='lat' dir='ltr'><strong>uo.</strong></span> <span class='ocrx_word' id='word_1_64' title='bbox 683 792 780 850; x_wconf 85' lang='lat' dir='ltr'><strong>Est</strong></span> <span class='ocrx_word' id='word_1_65' title='bbox 807 798 997 849; x_wconf 82' lang='lat' dir='ltr'><strong>autem</strong></span> <span class='ocrx_word' id='word_1_66' title='bbox 1028 788 1393 868; x_wconf 76' lang='lat' dir='ltr'><strong>mancipatio,</strong></span> <span class='ocrx_word' id='word_1_67' title='bbox 1420 793 1482 844; x_wconf 94' lang='lat' dir='ltr'><strong>ut</strong></span> <span class='ocrx_word' id='word_1_68' title='bbox 1506 805 1681 868; x_wconf 84' lang='lat' dir='ltr'><strong>supra</strong></span> <span class='ocrx_word' id='word_1_69' title='bbox 1705 806 1933 868; x_wconf 87' lang='lat' dir='ltr'><strong>quoque</strong></span> <span class='ocrx_word' id='word_1_70' title='bbox 1960 786 2261 846; x_wconf 75' lang='lat' dir='ltr'><strong>dix-imus</strong></span> 
     </span>
     <span class='ocr_line' id='line_1_9' title="bbox 391 880 2261 968; baseline -0.003 -21"><span class='ocrx_word' id='word_1_71' title='bbox 391 887 735 968; x_wconf 81' lang='lat' dir='ltr'><strong>imaginaria</strong></span> <span class='ocrx_word' id='word_1_72' title='bbox 763 883 1019 967; x_wconf 82' lang='lat' dir='ltr'><strong>quoedam</strong></span> <span class='ocrx_word' id='word_1_73' title='bbox 1047 883 1321 954; x_wconf 83' lang='lat' dir='ltr'><strong>venditio;</strong></span> <span class='ocrx_word' id='word_1_74' title='bbox 1347 880 1496 963; x_wconf 87' lang='lat' dir='ltr'><strong>quod</strong></span> <span class='ocrx_word' id='word_1_75' title='bbox 1526 889 1578 940; x_wconf 91' lang='lat' dir='ltr'><strong>et</strong></span> <span class='ocrx_word' id='word_1_76' title='bbox 1608 883 1796 962; x_wconf 82' lang='lat' dir='ltr'><strong>ipsum</strong></span> <span class='ocrx_word' id='word_1_77' title='bbox 1814 882 1909 961; x_wconf 87' lang='lat' dir='ltr'><strong>jus</strong></span> <span class='ocrx_word' id='word_1_78' title='bbox 1938 884 2261 962; x_wconf 70' lang='lat' dir='ltr'><strong>propr-im</strong></span> 
     </span>
     <span class='ocr_line' id='line_1_10' title="bbox 394 975 2261 1057; baseline -0.003 -17"><span class='ocrx_word' id='word_1_79' title='bbox 394 981 604 1041; x_wconf 78' lang='lat' dir='ltr'><strong>civium</strong></span> <span class='ocrx_word' id='word_1_80' title='bbox 631 980 1020 1040; x_wconf 86' lang='lat' dir='ltr'><strong>Romanorum</strong></span> <span class='ocrx_word' id='word_1_81' title='bbox 1061 984 1164 1037; x_wconf 82' lang='lat' dir='ltr'><strong>est.</strong></span> <span class='ocrx_word' id='word_1_82' title='bbox 1208 975 1403 1056; x_wconf 87' lang='lat' dir='ltr'><strong>anue</strong></span> <span class='ocrx_word' id='word_1_83' title='bbox 1441 994 1531 1034; x_wconf 88' lang='lat' dir='ltr'><strong>res</strong></span> <span class='ocrx_word' id='word_1_84' title='bbox 1576 977 1654 1033; x_wconf 85' lang='lat' dir='ltr'><strong>ita</strong></span> <span class='ocrx_word' id='word_1_85' title='bbox 1696 977 1926 1057; x_wconf 81' lang='lat' dir='ltr'><strong>agitur:</strong></span> <span class='ocrx_word' id='word_1_86' title='bbox 1970 975 2261 1037; x_wconf 79' lang='lat' dir='ltr'><strong>adhibiti</strong></span> 
     </span>
     <span class='ocr_line' id='line_1_11' title="bbox 392 1066 2261 1153; baseline -0.003 -18"><span class='ocrx_word' id='word_1_87' title='bbox 392 1094 511 1135; x_wconf 90' lang='lat' dir='ltr'><strong>non</strong></span> <span class='ocrx_word' id='word_1_88' title='bbox 539 1074 731 1133; x_wconf 82' lang='lat' dir='ltr'><strong>minus</strong></span> <span class='ocrx_word' id='word_1_89' title='bbox 759 1092 933 1153; x_wconf 88' lang='lat' dir='ltr'><strong>quam</strong></span> <span class='ocrx_word' id='word_1_90' title='bbox 961 1072 1215 1152; x_wconf 90' lang='lat' dir='ltr'><strong>quinque</strong></span> <span class='ocrx_word' id='word_1_91' title='bbox 1244 1066 1480 1127; x_wconf 83' lang='lat' dir='ltr'><strong>testibus</strong></span> <span class='ocrx_word' id='word_1_92' title='bbox 1507 1066 1722 1127; x_wconf 84' lang='lat' dir='ltr'><strong>civibus</strong></span> <span class='ocrx_word' id='word_1_93' title='bbox 1749 1069 2024 1129; x_wconf 84' lang='lat' dir='ltr'><strong>Romanis</strong></span> <span class='ocrx_word' id='word_1_94' title='bbox 2062 1068 2261 1148; x_wconf 85' lang='lat' dir='ltr'><strong>pube</strong></span> 
     </span>
     <span class='ocr_line' id='line_1_12' title="bbox 393 1159 2261 1247; baseline -0.002 -20"><span class='ocrx_word' id='word_1_95' title='bbox 393 1167 587 1240; x_wconf 85' lang='lat' dir='ltr'><strong>ribus,</strong></span> <span class='ocrx_word' id='word_1_96' title='bbox 621 1175 676 1227; x_wconf 86' lang='lat' dir='ltr'><strong>et</strong></span> <span class='ocrx_word' id='word_1_97' title='bbox 711 1174 984 1247; x_wconf 82' lang='lat' dir='ltr'><strong>proeterea</strong></span> <span class='ocrx_word' id='word_1_98' title='bbox 1021 1162 1134 1223; x_wconf 86' lang='lat' dir='ltr'><strong>alio</strong></span> <span class='ocrx_word' id='word_1_99' title='bbox 1180 1159 1433 1241; x_wconf 85' lang='lat' dir='ltr'><strong>ejusdem</strong></span> <span class='ocrx_word' id='word_1_100' title='bbox 1480 1159 1847 1235; x_wconf 87' lang='lat' dir='ltr'><strong>conditionis,</strong></span> <span class='ocrx_word' id='word_1_101' title='bbox 1887 1164 1989 1243; x_wconf 89' lang='lat' dir='ltr'><strong>qui</strong></span> <span class='ocrx_word' id='word_1_102' title='bbox 2034 1160 2261 1223; x_wconf 82' lang='lat' dir='ltr'><strong>librat</strong></span> 
     </span>
     <span class='ocr_line' id='line_1_13' title="bbox 397 1254 2261 1341; baseline -0.003 -18"><span class='ocrx_word' id='word_1_103' title='bbox 397 1282 612 1323; x_wconf 82' lang='lat' dir='ltr'><strong>aeneam</strong></span> <span class='ocrx_word' id='word_1_104' title='bbox 649 1268 861 1334; x_wconf 85' lang='lat' dir='ltr'><strong>teneat,</strong></span> <span class='ocrx_word' id='word_1_105' title='bbox 894 1259 992 1339; x_wconf 87' lang='lat' dir='ltr'><strong>qni</strong></span> <span class='ocrx_word' id='word_1_106' title='bbox 1029 1254 1352 1341; x_wconf 87' lang='lat' dir='ltr'><strong>appellatur</strong></span> <span class='ocrx_word' id='word_1_107' title='bbox 1389 1254 1697 1337; x_wconf 86' lang='lat' dir='ltr'><strong>libripens,</strong></span> <span class='ocrx_word' id='word_1_108' title='bbox 1735 1258 1784 1317; x_wconf 88' lang='lat' dir='ltr'><strong>is</strong></span> <span class='ocrx_word' id='word_1_109' title='bbox 1812 1258 1911 1338; x_wconf 88' lang='lat' dir='ltr'><strong>qui</strong></span> <span class='ocrx_word' id='word_1_110' title='bbox 1952 1260 2261 1339; x_wconf 86' lang='lat' dir='ltr'><strong>mancipi·</strong></span> 
     </span>
     <span class='ocr_line' id='line_1_14' title="bbox 397 1348 2261 1436; baseline -0.001 -21"><span class='ocrx_word' id='word_1_111' title='bbox 397 1357 626 1436; x_wconf 82' lang='lat' dir='ltr'><strong>accipit,</strong></span> <span class='ocrx_word' id='word_1_112' title='bbox 656 1374 780 1414; x_wconf 89' lang='lat' dir='ltr'><strong>rem</strong></span> <span class='ocrx_word' id='word_1_113' title='bbox 801 1362 1001 1413; x_wconf 83' lang='lat' dir='ltr'><strong>tenens</strong></span> <span class='ocrx_word' id='word_1_114' title='bbox 1019 1351 1098 1410; x_wconf 89' lang='lat' dir='ltr'><strong>ita</strong></span> <span class='ocrx_word' id='word_1_115' title='bbox 1121 1348 1290 1409; x_wconf 87' lang='lat' dir='ltr'><strong>dicit:</strong></span> <span class='ocrx_word' id='word_1_116' title='bbox 1322 1366 1459 1409; x_wconf 72' lang='lat' dir='ltr'><strong>nunc</strong></span> <span class='ocrx_word' id='word_1_117' title='bbox 1477 1366 1581 1409; x_wconf 78' lang='lat' dir='ltr'><strong>mo</strong></span> <span class='ocrx_word' id='word_1_118' title='bbox 1608 1367 1857 1411; x_wconf 69' lang='lat' dir='ltr'><strong>nomnen</strong></span> <span class='ocrx_word' id='word_1_119' title='bbox 1880 1366 1951 1410; x_wconf 72' lang='lat' dir='ltr'><strong>nx</strong></span> <span class='ocrx_word' id='word_1_120' title='bbox 1971 1368 2108 1411; x_wconf 70' lang='lat' dir='ltr'><strong>suns</strong></span> <span class='ocrx_word' id='word_1_121' title='bbox 2142 1370 2261 1420; x_wconf 83' lang='lat' dir='ltr'><strong>Qm</strong></span> 
     </span>
     <span class='ocr_line' id='line_1_15' title="bbox 397 1460 2261 1519; baseline -0.002 -8"><span class='ocrx_word' id='word_1_122' title='bbox 397 1468 579 1511; x_wconf 75' lang='lat' dir='ltr'><strong>amun</strong></span> <span class='ocrx_word' id='word_1_123' title='bbox 603 1466 755 1509; x_wconf 64' lang='lat' dir='ltr'><strong>unum</strong></span> <span class='ocrx_word' id='word_1_124' title='bbox 787 1464 908 1508; x_wconf 69' lang='lat' dir='ltr'><strong>Esse</strong></span> <span class='ocrx_word' id='word_1_125' title='bbox 937 1465 1050 1519; x_wconf 76' lang='lat' dir='ltr'><strong>alo,</strong></span> <span class='ocrx_word' id='word_1_126' title='bbox 1071 1463 1221 1514; x_wconf 76' lang='lat' dir='ltr'><strong>lsQUss</strong></span> <span class='ocrx_word' id='word_1_127' title='bbox 1242 1462 1363 1505; x_wconf 78' lang='lat' dir='ltr'><strong>mm</strong></span> <span class='ocrx_word' id='word_1_128' title='bbox 1392 1462 1591 1504; x_wconf 69' lang='lat' dir='ltr'><strong>nunus</strong></span> <span class='ocrx_word' id='word_1_129' title='bbox 1612 1460 1702 1505; x_wconf 69' lang='lat' dir='ltr'><strong>aar</strong></span> <span class='ocrx_word' id='word_1_130' title='bbox 1729 1462 1831 1504; x_wconf 82' lang='lat' dir='ltr'><strong>noc</strong></span> <span class='ocrx_word' id='word_1_131' title='bbox 1858 1462 1969 1505; x_wconf 63' lang='lat' dir='ltr'><strong>aaa</strong></span> <span class='ocrx_word' id='word_1_132' title='bbox 1996 1462 2261 1513; x_wconf 67' lang='lat' dir='ltr'><strong>ssnEAQm</strong></span> 
     </span>
     <span class='ocr_line' id='line_1_16' title="bbox 399 1537 2261 1623; baseline -0.002 -19"><span class='ocrx_word' id='word_1_133' title='bbox 399 1561 576 1614; x_wconf 61' lang='lat' dir='ltr'><strong>mmm</strong></span> <span class='ocrx_word' id='word_1_134' title='bbox 609 1541 812 1602; x_wconf 90' lang='lat' dir='ltr'><strong>deinde</strong></span> <span class='ocrx_word' id='word_1_135' title='bbox 857 1560 966 1601; x_wconf 72' lang='lat' dir='ltr'><strong>aere</strong></span> <span class='ocrx_word' id='word_1_136' title='bbox 1007 1540 1249 1623; x_wconf 89' lang='lat' dir='ltr'><strong>percutit</strong></span> <span class='ocrx_word' id='word_1_137' title='bbox 1286 1538 1519 1611; x_wconf 85' lang='lat' dir='ltr'><strong>libram,</strong></span> <span class='ocrx_word' id='word_1_138' title='bbox 1552 1537 1721 1620; x_wconf 86' lang='lat' dir='ltr'><strong>idque</strong></span> <span class='ocrx_word' id='word_1_139' title='bbox 1750 1558 1821 1597; x_wconf 76' lang='lat' dir='ltr'><strong>oes</strong></span> <span class='ocrx_word' id='word_1_140' title='bbox 1850 1538 1943 1599; x_wconf 86' lang='lat' dir='ltr'><strong>dat</strong></span> <span class='ocrx_word' id='word_1_141' title='bbox 1984 1541 2036 1599; x_wconf 91' lang='lat' dir='ltr'><strong>ei</strong></span> <span class='ocrx_word' id='word_1_142' title='bbox 2064 1560 2102 1599; x_wconf 91' lang='lat' dir='ltr'><strong>a</strong></span> <span class='ocrx_word' id='word_1_143' title='bbox 2136 1561 2261 1622; x_wconf 81' lang='lat' dir='ltr'><strong>qu&lt;</strong></span> 
     </span>
     <span class='ocr_line' id='line_1_17' title="bbox 401 1632 1521 1718; baseline -0.004 -20"><span class='ocrx_word' id='word_1_144' title='bbox 401 1640 687 1718; x_wconf 86' lang='lat' dir='ltr'><strong>mancipio</strong></span> <span class='ocrx_word' id='word_1_145' title='bbox 716 1638 953 1718; x_wconf 87' lang='lat' dir='ltr'><strong>accipit,</strong></span> <span class='ocrx_word' id='word_1_146' title='bbox 990 1635 1155 1715; x_wconf 86' lang='lat' dir='ltr'><strong>quasi</strong></span> <span class='ocrx_word' id='word_1_147' title='bbox 1184 1635 1351 1713; x_wconf 87' lang='lat' dir='ltr'><strong>pretii</strong></span> <span class='ocrx_word' id='word_1_148' title='bbox 1379 1632 1521 1694; x_wconf 85' lang='lat' dir='ltr'><strong>loco.</strong></span> 
     </span>
    </p>

    <p class='ocr_par' dir='ltr' id='par_1_4' title="bbox 336 1723 2261 3393">
     <span class='ocr_line' id='line_1_18' title="bbox 489 1723 2261 1809; baseline -0.002 -15"><span class='ocrx_word' id='word_1_149' title='bbox 489 1742 649 1794; x_wconf 65' lang='grc' dir='ltr'><strong>ιω.</strong></span> <span class='ocrx_word' id='word_1_150' title='bbox 695 1731 776 1791; x_wconf 89' lang='lat' dir='ltr'><strong>Eo</strong></span> <span class='ocrx_word' id='word_1_151' title='bbox 827 1727 996 1788; x_wconf 90' lang='lat' dir='ltr'><strong>modo</strong></span> <span class='ocrx_word' id='word_1_152' title='bbox 1042 1735 1097 1787; x_wconf 88' lang='lat' dir='ltr'><strong>et</strong></span> <span class='ocrx_word' id='word_1_153' title='bbox 1136 1726 1365 1786; x_wconf 82' lang='lat' dir='ltr'><strong>serviles</strong></span> <span class='ocrx_word' id='word_1_154' title='bbox 1406 1734 1461 1787; x_wconf 91' lang='lat' dir='ltr'><strong>et</strong></span> <span class='ocrx_word' id='word_1_155' title='bbox 1498 1723 1690 1787; x_wconf 83' lang='lat' dir='ltr'><strong>liberoe</strong></span> <span class='ocrx_word' id='word_1_156' title='bbox 1730 1745 1984 1809; x_wconf 85' lang='lat' dir='ltr'><strong>personoe</strong></span> <span class='ocrx_word' id='word_1_157' title='bbox 2024 1730 2261 1791; x_wconf 83' lang='lat' dir='ltr'><strong>manci·</strong></span> 
     </span>
     <span class='ocr_line' id='line_1_19' title="bbox 403 1820 2259 1907; baseline -0.002 -22"><span class='ocrx_word' id='word_1_158' title='bbox 403 1833 638 1907; x_wconf 76' lang='lat' dir='ltr'><strong>pamm-3</strong></span> <span class='ocrx_word' id='word_1_159' title='bbox 676 1820 946 1881; x_wconf 86' lang='lat' dir='ltr'><strong>animalia</strong></span> <span class='ocrx_word' id='word_1_160' title='bbox 988 1840 1215 1900; x_wconf 85' lang='lat' dir='ltr'><strong>quoque</strong></span> <span class='ocrx_word' id='word_1_161' title='bbox 1245 1839 1366 1900; x_wconf 82' lang='lat' dir='ltr'><strong>quae</strong></span> <span class='ocrx_word' id='word_1_162' title='bbox 1406 1821 1655 1900; x_wconf 79' lang='lat' dir='ltr'><strong>mancipi</strong></span> <span class='ocrx_word' id='word_1_163' title='bbox 1690 1829 1847 1893; x_wconf 85' lang='lat' dir='ltr'><strong>sunt,</strong></span> <span class='ocrx_word' id='word_1_164' title='bbox 1880 1839 1991 1901; x_wconf 88' lang='lat' dir='ltr'><strong>quo</strong></span> <span class='ocrx_word' id='word_1_165' title='bbox 2028 1820 2090 1879; x_wconf 87' lang='lat' dir='ltr'><strong>in</strong></span> <span class='ocrx_word' id='word_1_166' title='bbox 2130 1842 2259 1882; x_wconf 87' lang='lat' dir='ltr'><strong>nu-</strong></span> 
     </span>
     <span class='ocr_line' id='line_1_20' title="bbox 403 1912 2259 1993; baseline -0.002 -13"><span class='ocrx_word' id='word_1_167' title='bbox 403 1938 563 1980; x_wconf 88' lang='lat' dir='ltr'><strong>mero</strong></span> <span class='ocrx_word' id='word_1_168' title='bbox 588 1914 875 1976; x_wconf 78' lang='lat' dir='ltr'><strong>habentur</strong></span> <span class='ocrx_word' id='word_1_169' title='bbox 905 1914 1096 1986; x_wconf 83' lang='lat' dir='ltr'><strong>boves,</strong></span> <span class='ocrx_word' id='word_1_170' title='bbox 1128 1914 1280 1993; x_wconf 88' lang='lat' dir='ltr'><strong>equi,</strong></span> <span class='ocrx_word' id='word_1_171' title='bbox 1314 1912 1472 1985; x_wconf 88' lang='lat' dir='ltr'><strong>muli,</strong></span> <span class='ocrx_word' id='word_1_172' title='bbox 1507 1914 1685 1985; x_wconf 80' lang='lat' dir='ltr'><strong>asini3</strong></span> <span class='ocrx_word' id='word_1_173' title='bbox 1718 1916 1853 1974; x_wconf 88' lang='lat' dir='ltr'><strong>item</strong></span> <span class='ocrx_word' id='word_1_174' title='bbox 1892 1912 2097 1993; x_wconf 73' lang='lat' dir='ltr'><strong>praedia</strong></span> <span class='ocrx_word' id='word_1_175' title='bbox 2124 1923 2259 1977; x_wconf 80' lang='lat' dir='ltr'><strong>tam</strong></span> 
     </span>
     <span class='ocr_line' id='line_1_21' title="bbox 407 2006 2259 2090; baseline -0.001 -18"><span class='ocrx_word' id='word_1_176' title='bbox 407 2011 632 2072; x_wconf 85' lang='lat' dir='ltr'><strong>urbana</strong></span> <span class='ocrx_word' id='word_1_177' title='bbox 673 2027 846 2090; x_wconf 89' lang='lat' dir='ltr'><strong>quam</strong></span> <span class='ocrx_word' id='word_1_178' title='bbox 889 2006 1126 2078; x_wconf 87' lang='lat' dir='ltr'><strong>rustica,</strong></span> <span class='ocrx_word' id='word_1_179' title='bbox 1165 2026 1290 2085; x_wconf 81' lang='lat' dir='ltr'><strong>quoe</strong></span> <span class='ocrx_word' id='word_1_180' title='bbox 1324 2015 1379 2065; x_wconf 90' lang='lat' dir='ltr'><strong>et</strong></span> <span class='ocrx_word' id='word_1_181' title='bbox 1418 2008 1545 2086; x_wconf 88' lang='lat' dir='ltr'><strong>ipsa</strong></span> <span class='ocrx_word' id='word_1_182' title='bbox 1585 2009 1833 2087; x_wconf 88' lang='lat' dir='ltr'><strong>mancipi</strong></span> <span class='ocrx_word' id='word_1_183' title='bbox 1860 2014 2017 2081; x_wconf 87' lang='lat' dir='ltr'><strong>sunt,</strong></span> <span class='ocrx_word' id='word_1_184' title='bbox 2048 2008 2259 2087; x_wconf 73' lang='lat' dir='ltr'><strong>qualia</strong></span> 
     </span>
     <span class='ocr_line' id='line_1_22' title="bbox 407 2096 2259 2179; baseline -0.001 -16"><span class='ocrx_word' id='word_1_185' title='bbox 407 2109 540 2163; x_wconf 80' lang='lat' dir='ltr'><strong>sunt</strong></span> <span class='ocrx_word' id='word_1_186' title='bbox 567 2099 790 2171; x_wconf 85' lang='lat' dir='ltr'><strong>Italica,</strong></span> <span class='ocrx_word' id='word_1_187' title='bbox 826 2098 1026 2159; x_wconf 80' lang='lat' dir='ltr'><strong>eodem</strong></span> <span class='ocrx_word' id='word_1_188' title='bbox 1053 2098 1224 2159; x_wconf 89' lang='lat' dir='ltr'><strong>modo</strong></span> <span class='ocrx_word' id='word_1_189' title='bbox 1252 2096 1437 2159; x_wconf 84' lang='lat' dir='ltr'><strong>solent</strong></span> <span class='ocrx_word' id='word_1_190' title='bbox 1461 2100 1797 2179; x_wconf 87' lang='lat' dir='ltr'><strong>mancipari.</strong></span> <span class='ocrx_word' id='word_1_191' title='bbox 1892 2110 2041 2159; x_wconf 64' lang='lat'><strong>121.</strong></span> <span class='ocrx_word' id='word_1_192' title='bbox 2076 2100 2143 2158; x_wconf 85' lang='lat' dir='ltr'><strong>In</strong></span> <span class='ocrx_word' id='word_1_193' title='bbox 2190 2124 2259 2165; x_wconf 79' lang='lat' dir='ltr'><strong>ec</strong></span> 
     </span>
     <span class='ocr_line' id='line_1_23' title="bbox 409 2192 2259 2276; baseline -0.002 -17"><span class='ocrx_word' id='word_1_194' title='bbox 409 2197 529 2259; x_wconf 84' lang='lat' dir='ltr'><strong>solo</strong></span> <span class='ocrx_word' id='word_1_195' title='bbox 595 2192 938 2276; x_wconf 80' lang='lat' dir='ltr'><strong>proediorum</strong></span> <span class='ocrx_word' id='word_1_196' title='bbox 985 2194 1327 2274; x_wconf 77' lang='lat' dir='ltr'><strong>mancipatio</strong></span> <span class='ocrx_word' id='word_1_197' title='bbox 1382 2214 1415 2253; x_wconf 90' lang='lat' dir='ltr'><strong>a</strong></span> <span class='ocrx_word' id='word_1_198' title='bbox 1469 2202 1785 2254; x_wconf 85' lang='lat' dir='ltr'><strong>ceterorum</strong></span> <span class='ocrx_word' id='word_1_199' title='bbox 1833 2195 2259 2273; x_wconf 76' lang='lat' dir='ltr'><strong>mancipatione</strong></span> 
     </span>
     <span class='ocr_line' id='line_1_24' title="bbox 411 2282 2259 2368; baseline -0.002 -18"><span class='ocrx_word' id='word_1_200' title='bbox 411 2288 624 2361; x_wconf 81' lang='lat' dir='ltr'><strong>differt,</strong></span> <span class='ocrx_word' id='word_1_201' title='bbox 655 2284 806 2368; x_wconf 90' lang='lat' dir='ltr'><strong>quod</strong></span> <span class='ocrx_word' id='word_1_202' title='bbox 827 2304 1079 2365; x_wconf 81' lang='lat' dir='ltr'><strong>personoe</strong></span> <span class='ocrx_word' id='word_1_203' title='bbox 1105 2283 1332 2345; x_wconf 80' lang='lat' dir='ltr'><strong>serviles</strong></span> <span class='ocrx_word' id='word_1_204' title='bbox 1352 2294 1407 2343; x_wconf 90' lang='lat' dir='ltr'><strong>et</strong></span> <span class='ocrx_word' id='word_1_205' title='bbox 1427 2284 1639 2358; x_wconf 71' lang='lat' dir='ltr'><strong>liberm,</strong></span> <span class='ocrx_word' id='word_1_206' title='bbox 1676 2287 1811 2345; x_wconf 85' lang='lat' dir='ltr'><strong>item</strong></span> <span class='ocrx_word' id='word_1_207' title='bbox 1830 2282 2091 2344; x_wconf 85' lang='lat' dir='ltr'><strong>animalia</strong></span> <span class='ocrx_word' id='word_1_208' title='bbox 2114 2306 2259 2367; x_wconf 78' lang='lat' dir='ltr'><strong>quae</strong></span> 
     </span>
     <span class='ocr_line' id='line_1_25' title="bbox 413 2376 2259 2459; baseline -0.005 -18"><span class='ocrx_word' id='word_1_209' title='bbox 413 2380 666 2459; x_wconf 87' lang='lat' dir='ltr'><strong>mancipi</strong></span> <span class='ocrx_word' id='word_1_210' title='bbox 706 2385 858 2450; x_wconf 85' lang='lat' dir='ltr'><strong>sunt,</strong></span> <span class='ocrx_word' id='word_1_211' title='bbox 895 2378 1005 2437; x_wconf 87' lang='lat' dir='ltr'><strong>nisi</strong></span> <span class='ocrx_word' id='word_1_212' title='bbox 1041 2379 1098 2435; x_wconf 93' lang='lat' dir='ltr'><strong>in</strong></span> <span class='ocrx_word' id='word_1_213' title='bbox 1131 2376 1427 2455; x_wconf 66' lang='lat' dir='ltr'><strong>praesentia</strong></span> <span class='ocrx_word' id='word_1_214' title='bbox 1456 2378 1593 2447; x_wconf 89' lang='lat' dir='ltr'><strong>sint,</strong></span> <span class='ocrx_word' id='word_1_215' title='bbox 1624 2378 1939 2457; x_wconf 86' lang='lat' dir='ltr'><strong>mancipari</strong></span> <span class='ocrx_word' id='word_1_216' title='bbox 1973 2397 2081 2437; x_wconf 89' lang='lat' dir='ltr'><strong>non</strong></span> <span class='ocrx_word' id='word_1_217' title='bbox 2108 2396 2259 2457; x_wconf 70' lang='lat' dir='ltr'><strong>pos.</strong></span> 
     </span>
     <span class='ocr_line' id='line_1_26' title="bbox 416 2470 2259 2552; baseline -0.005 -17"><span class='ocrx_word' id='word_1_218' title='bbox 416 2483 577 2547; x_wconf 86' lang='lat' dir='ltr'><strong>sunt,</strong></span> <span class='ocrx_word' id='word_1_219' title='bbox 607 2471 747 2533; x_wconf 89' lang='lat' dir='ltr'><strong>adeo</strong></span> <span class='ocrx_word' id='word_1_220' title='bbox 777 2470 1004 2552; x_wconf 86' lang='lat' dir='ltr'><strong>quidem</strong></span> <span class='ocrx_word' id='word_1_221' title='bbox 1033 2478 1094 2529; x_wconf 92' lang='lat' dir='ltr'><strong>ut</strong></span> <span class='ocrx_word' id='word_1_222' title='bbox 1131 2490 1264 2528; x_wconf 87' lang='lat' dir='ltr'><strong>eum</strong></span> <span class='ocrx_word' id='word_1_223' title='bbox 1294 2470 1437 2550; x_wconf 78' lang='lat' dir='ltr'><strong>(qui)</strong></span> <span class='ocrx_word' id='word_1_224' title='bbox 1470 2472 1753 2550; x_wconf 89' lang='lat' dir='ltr'><strong>mancipio</strong></span> <span class='ocrx_word' id='word_1_225' title='bbox 1783 2473 2003 2550; x_wconf 83' lang='lat' dir='ltr'><strong>accipit,</strong></span> <span class='ocrx_word' id='word_1_226' title='bbox 2037 2471 2259 2551; x_wconf 84' lang='lat' dir='ltr'><strong>adpre-</strong></span> 
     </span>
     <span class='ocr_line' id='line_1_27' title="bbox 336 2562 2259 2649; baseline 0.001 -20"><span class='ocrx_word' id='word_1_227' title='bbox 336 2644 341 2649; x_wconf 18' lang='grc' dir='ltr'>ἱ</span> <span class='ocrx_word' id='word_1_228' title='bbox 415 2568 666 2629; x_wconf 87' lang='lat' dir='ltr'><strong>hendere</strong></span> <span class='ocrx_word' id='word_1_229' title='bbox 705 2565 764 2625; x_wconf 89' lang='lat' dir='ltr'><strong>id</strong></span> <span class='ocrx_word' id='word_1_230' title='bbox 807 2568 994 2645; x_wconf 84' lang='lat' dir='ltr'><strong>ipsum</strong></span> <span class='ocrx_word' id='word_1_231' title='bbox 1031 2562 1185 2644; x_wconf 90' lang='lat' dir='ltr'><strong>quod</strong></span> <span class='ocrx_word' id='word_1_232' title='bbox 1226 2566 1282 2623; x_wconf 80' lang='lat' dir='ltr'><strong>ei</strong></span> <span class='ocrx_word' id='word_1_233' title='bbox 1316 2565 1600 2643; x_wconf 88' lang='lat' dir='ltr'><strong>mancipio</strong></span> <span class='ocrx_word' id='word_1_234' title='bbox 1636 2564 1826 2638; x_wconf 85' lang='lat' dir='ltr'><strong>datur,</strong></span> <span class='ocrx_word' id='word_1_235' title='bbox 1876 2584 2085 2625; x_wconf 84' lang='lat' dir='ltr'><strong>necesse</strong></span> <span class='ocrx_word' id='word_1_236' title='bbox 2122 2570 2207 2628; x_wconf 87' lang='lat' dir='ltr'><strong>sit</strong></span> <span class='ocrx_word' id='word_1_237' title='bbox 2244 2596 2259 2631; x_wconf 91' lang='lat'><strong>:</strong></span> 
     </span>
     <span class='ocr_line' id='line_1_28' title="bbox 418 2657 2255 2740; baseline 0.001 -16"><span class='ocrx_word' id='word_1_238' title='bbox 418 2661 571 2724; x_wconf 86' lang='lat' dir='ltr'><strong>unde</strong></span> <span class='ocrx_word' id='word_1_239' title='bbox 615 2662 786 2721; x_wconf 84' lang='lat' dir='ltr'><strong>etiam</strong></span> <span class='ocrx_word' id='word_1_240' title='bbox 822 2660 1165 2739; x_wconf 83' lang='lat' dir='ltr'><strong>mancipatio</strong></span> <span class='ocrx_word' id='word_1_241' title='bbox 1209 2657 1429 2731; x_wconf 89' lang='lat' dir='ltr'><strong>dicitur,</strong></span> <span class='ocrx_word' id='word_1_242' title='bbox 1464 2660 1597 2739; x_wconf 90' lang='lat' dir='ltr'><strong>quia</strong></span> <span class='ocrx_word' id='word_1_243' title='bbox 1644 2678 1818 2719; x_wconf 86' lang='lat' dir='ltr'><strong>manu</strong></span> <span class='ocrx_word' id='word_1_244' title='bbox 1866 2679 1952 2720; x_wconf 87' lang='lat' dir='ltr'><strong>res</strong></span> <span class='ocrx_word' id='word_1_245' title='bbox 1989 2662 2255 2740; x_wconf 88' lang='lat' dir='ltr'><strong>capitur:</strong></span> 
     </span>
     <span class='ocr_line' id='line_1_29' title="bbox 420 2750 2253 2838; baseline 0.001 -24"><span class='ocrx_word' id='word_1_246' title='bbox 420 2755 635 2838; x_wconf 82' lang='lat' dir='ltr'><strong>praedia</strong></span> <span class='ocrx_word' id='word_1_247' title='bbox 662 2774 794 2814; x_wconf 88' lang='lat' dir='ltr'><strong>vero</strong></span> <span class='ocrx_word' id='word_1_248' title='bbox 817 2751 1072 2812; x_wconf 83' lang='lat' dir='ltr'><strong>absentia</strong></span> <span class='ocrx_word' id='word_1_249' title='bbox 1091 2750 1273 2812; x_wconf 86' lang='lat' dir='ltr'><strong>solent</strong></span> <span class='ocrx_word' id='word_1_250' title='bbox 1300 2752 1637 2831; x_wconf 88' lang='lat' dir='ltr'><strong>mancipari.</strong></span> <span class='ocrx_word' id='word_1_251' title='bbox 1718 2763 1879 2814; x_wconf 63' lang='lat'><strong>122.</strong></span> <span class='ocrx_word' id='word_1_252' title='bbox 1910 2753 2029 2814; x_wconf 86' lang='lat' dir='ltr'><strong>Ideo</strong></span> <span class='ocrx_word' id='word_1_253' title='bbox 2052 2764 2253 2822; x_wconf 87' lang='lat' dir='ltr'><strong>autem</strong></span> 
     </span>
     <span class='ocr_line' id='line_1_30' title="bbox 419 2845 2251 2928; baseline 0.002 -17"><span class='ocrx_word' id='word_1_254' title='bbox 419 2870 498 2911; x_wconf 83' lang='lat' dir='ltr'><strong>oes</strong></span> <span class='ocrx_word' id='word_1_255' title='bbox 522 2860 576 2909; x_wconf 91' lang='lat' dir='ltr'><strong>et</strong></span> <span class='ocrx_word' id='word_1_256' title='bbox 600 2848 750 2908; x_wconf 89' lang='lat' dir='ltr'><strong>libra</strong></span> <span class='ocrx_word' id='word_1_257' title='bbox 779 2846 1094 2921; x_wconf 85' lang='lat' dir='ltr'><strong>adhibetur,</strong></span> <span class='ocrx_word' id='word_1_258' title='bbox 1119 2846 1257 2928; x_wconf 85' lang='lat' dir='ltr'><strong>quia</strong></span> <span class='ocrx_word' id='word_1_259' title='bbox 1282 2845 1419 2905; x_wconf 92' lang='lat' dir='ltr'><strong>olim</strong></span> <span class='ocrx_word' id='word_1_260' title='bbox 1438 2848 1594 2906; x_wconf 82' lang='lat' dir='ltr'><strong>oereis</strong></span> <span class='ocrx_word' id='word_1_261' title='bbox 1618 2854 1837 2906; x_wconf 88' lang='lat' dir='ltr'><strong>tantum</strong></span> <span class='ocrx_word' id='word_1_262' title='bbox 1866 2850 2095 2909; x_wconf 84' lang='lat' dir='ltr'><strong>nummis</strong></span> <span class='ocrx_word' id='word_1_263' title='bbox 2120 2864 2251 2915; x_wconf 84' lang='lat' dir='ltr'><strong>ute-</strong></span> 
     </span>
     <span class='ocr_line' id='line_1_31' title="bbox 423 2940 2241 3026; baseline -0.001 -20"><span class='ocrx_word' id='word_1_264' title='bbox 423 2946 654 3017; x_wconf 78' lang='lat' dir='ltr'><strong>bantur,</strong></span> <span class='ocrx_word' id='word_1_265' title='bbox 687 2951 741 3005; x_wconf 88' lang='lat' dir='ltr'><strong>et</strong></span> <span class='ocrx_word' id='word_1_266' title='bbox 769 2950 929 3003; x_wconf 88' lang='lat' dir='ltr'><strong>erant</strong></span> <span class='ocrx_word' id='word_1_267' title='bbox 957 2962 1141 3014; x_wconf 77' lang='lat' dir='ltr'><strong>asses,</strong></span> <span class='ocrx_word' id='word_1_268' title='bbox 1172 2940 1472 3021; x_wconf 85' lang='lat' dir='ltr'><strong>dupondii,</strong></span> <span class='ocrx_word' id='word_1_269' title='bbox 1500 2943 1758 3002; x_wconf 81' lang='lat' dir='ltr'><strong>semisses</strong></span> <span class='ocrx_word' id='word_1_270' title='bbox 1795 2950 1850 3003; x_wconf 90' lang='lat' dir='ltr'><strong>et</strong></span> <span class='ocrx_word' id='word_1_271' title='bbox 1879 2942 2205 3025; x_wconf 79' lang='lat' dir='ltr'><strong>quadrantes</strong></span> <span class='ocrx_word' id='word_1_272' title='bbox 2224 2996 2241 3026; x_wconf 82' lang='lat'><strong>,</strong></span> 
     </span>
     <span class='ocr_line' id='line_1_32' title="bbox 424 3032 2247 3116; baseline 0.003 -19"><span class='ocrx_word' id='word_1_273' title='bbox 424 3056 532 3099; x_wconf 88' lang='lat' dir='ltr'><strong>nec</strong></span> <span class='ocrx_word' id='word_1_274' title='bbox 561 3036 710 3097; x_wconf 87' lang='lat' dir='ltr'><strong>ullus</strong></span> <span class='ocrx_word' id='word_1_275' title='bbox 739 3056 944 3096; x_wconf 76' lang='lat' dir='ltr'><strong>aureus</strong></span> <span class='ocrx_word' id='word_1_276' title='bbox 973 3032 1059 3093; x_wconf 87' lang='lat' dir='ltr'><strong>vel</strong></span> <span class='ocrx_word' id='word_1_277' title='bbox 1094 3042 1393 3116; x_wconf 73' lang='lat' dir='ltr'><strong>argenteus</strong></span> <span class='ocrx_word' id='word_1_278' title='bbox 1420 3053 1687 3094; x_wconf 79' lang='lat' dir='ltr'><strong>nummus</strong></span> <span class='ocrx_word' id='word_1_279' title='bbox 1721 3036 1789 3095; x_wconf 79' lang='lat' dir='ltr'><strong>in</strong></span> <span class='ocrx_word' id='word_1_280' title='bbox 1812 3056 1917 3095; x_wconf 86' lang='lat' dir='ltr'><strong>usu</strong></span> <span class='ocrx_word' id='word_1_281' title='bbox 1940 3045 2066 3109; x_wconf 84' lang='lat' dir='ltr'><strong>erat,</strong></span> <span class='ocrx_word' id='word_1_282' title='bbox 2094 3042 2247 3103; x_wconf 86' lang='lat' dir='ltr'><strong>sicut</strong></span> 
     </span>
     <span class='ocr_line' id='line_1_33' title="bbox 429 3125 2239 3213; baseline -0.002 -22"><span class='ocrx_word' id='word_1_283' title='bbox 429 3152 498 3191; x_wconf 87' lang='lat' dir='ltr'><strong>ex</strong></span> <span class='ocrx_word' id='word_1_284' title='bbox 542 3130 666 3213; x_wconf 78' lang='lat' dir='ltr'><strong>lege</strong></span> <span class='ocrx_word' id='word_1_285' title='bbox 707 3128 807 3189; x_wconf 85' lang='lat' dir='ltr'><strong>x11</strong></span> <span class='ocrx_word' id='word_1_286' title='bbox 852 3126 1176 3188; x_wconf 85' lang='lat' dir='ltr'><strong>tabularum</strong></span> <span class='ocrx_word' id='word_1_287' title='bbox 1215 3125 1527 3207; x_wconf 77' lang='lat' dir='ltr'><strong>intelligere</strong></span> <span class='ocrx_word' id='word_1_288' title='bbox 1568 3146 1900 3205; x_wconf 84' lang='lat' dir='ltr'><strong>possumus;</strong></span> <span class='ocrx_word' id='word_1_289' title='bbox 1947 3148 2239 3213; x_wconf 70' lang='lat' dir='ltr'><strong>eorumque</strong></span> 
     </span>
     <span class='ocr_line' id='line_1_34' title="bbox 428 3219 2239 3303; baseline -0.002 -20"><span class='ocrx_word' id='word_1_290' title='bbox 428 3244 797 3285; x_wconf 89' lang='lat' dir='ltr'><strong>nummorum</strong></span> <span class='ocrx_word' id='word_1_291' title='bbox 815 3223 898 3282; x_wconf 87' lang='lat' dir='ltr'><strong>vis</strong></span> <span class='ocrx_word' id='word_1_292' title='bbox 925 3228 980 3279; x_wconf 87' lang='lat' dir='ltr'><strong>et</strong></span> <span class='ocrx_word' id='word_1_293' title='bbox 999 3228 1243 3300; x_wconf 87' lang='lat' dir='ltr'><strong>potestas</strong></span> <span class='ocrx_word' id='word_1_294' title='bbox 1262 3239 1378 3279; x_wconf 89' lang='lat' dir='ltr'><strong>non</strong></span> <span class='ocrx_word' id='word_1_295' title='bbox 1398 3219 1457 3277; x_wconf 88' lang='lat' dir='ltr'><strong>in</strong></span> <span class='ocrx_word' id='word_1_296' title='bbox 1482 3239 1720 3281; x_wconf 87' lang='lat' dir='ltr'><strong>numero</strong></span> <span class='ocrx_word' id='word_1_297' title='bbox 1743 3230 1881 3295; x_wconf 85' lang='lat' dir='ltr'><strong>erat,</strong></span> <span class='ocrx_word' id='word_1_298' title='bbox 1908 3221 1993 3281; x_wconf 92' lang='lat' dir='ltr'><strong>sed</strong></span> <span class='ocrx_word' id='word_1_299' title='bbox 2016 3224 2067 3281; x_wconf 89' lang='lat' dir='ltr'><strong>in</strong></span> <span class='ocrx_word' id='word_1_300' title='bbox 2092 3245 2239 3303; x_wconf 83' lang='lat' dir='ltr'><strong>pon.</strong></span> 
     </span>
     <span class='ocr_line' id='line_1_35' title="bbox 421 3310 2231 3393; baseline 0.003 -16"><span class='ocrx_word' id='word_1_301' title='bbox 421 3317 561 3379; x_wconf 76' lang='lat' dir='ltr'><strong>dere</strong></span> <span class='ocrx_word' id='word_1_302' title='bbox 588 3334 953 3381; x_wconf 79' lang='lat' dir='ltr'><strong>nummorum</strong></span> <span class='ocrx_word' id='word_1_303' title='bbox 983 3334 1000 3371; x_wconf 91' lang='lat'><em>:</em></span> <span class='ocrx_word' id='word_1_304' title='bbox 1042 3311 1213 3374; x_wconf 81' lang='lat' dir='ltr'><strong>veluti</strong></span> <span class='ocrx_word' id='word_1_305' title='bbox 1245 3332 1396 3373; x_wconf 82' lang='lat' dir='ltr'><strong>asses</strong></span> <span class='ocrx_word' id='word_1_306' title='bbox 1424 3310 1653 3374; x_wconf 82' lang='lat' dir='ltr'><strong>librales</strong></span> <span class='ocrx_word' id='word_1_307' title='bbox 1681 3322 1875 3387; x_wconf 82' lang='lat' dir='ltr'><strong>erant;</strong></span> <span class='ocrx_word' id='word_1_308' title='bbox 1910 3321 1959 3374; x_wconf 85' lang='lat' dir='ltr'><strong>et</strong></span> <span class='ocrx_word' id='word_1_309' title='bbox 1991 3314 2231 3393; x_wconf 86' lang='lat' dir='ltr'><strong>dipondii</strong></span> 
     </span>
    </p>
   </div>
  </div>
 </body>
</html>
