2292 3684
306 43 411 100 932
892 55 1166 100 vinclum
1201 55 1558 100 remissum.

304 158 529 222 nullum
552 161 822 246 effugiat,
853 164 1015 244 cujus
1046 169 1146 220 aut
1175 161 1468 222 scientiam
1495 161 1708 241 capiat,
1739 167 1838 220 aut
1879 157 2168 220 dissimu-

302 253 575 315 lationem
604 263 774 336 tegat.
807 253 967 328 Quod
994 273 1041 314 sn
1026 254 1244 338 judex
1285 253 1502 328 aberit,
1533 255 1626 314 cui
1660 272 1887 314 summa
1913 255 2168 333 provin-

304 349 404 410 ciae
447 351 751 410 commissa
792 358 905 423 est,
949 349 1255 412 mandetur
1298 349 1451 410 istud
1497 350 1938 431 magistratuum
1981 350 2168 419 actis»,

304 450 475 523 atque
502 451 565 502 ut
592 441 781 504 nullus
810 443 884 503 sit
923 437 1265 523 subjiciendi
1299 451 1400 504 aut
1427 439 1775 523 surripiendi
1801 439 1992 514 lucus,
2025 461 2172 501 cum

303 537 561 598 alterutri
582 535 944 600 commodum
970 539 1045 598 sit
1064 557 1280 610 verum,
1313 536 1590 620 exemplis
1611 533 1762 598 idem
1787 537 2172 616 magistratus

302 633 666 693 adscribant:
702 632 783 692 sie
811 634 969 692 enim
996 633 1342 701 conscientia
1385 631 1727 703 multorum,
1765 634 2174 724 monumentis

278 725 643 806 judiciorum
692 744 759 786 ac
802 724 1152 807 populorum
1199 725 1568 806 praescriptis,
1619 731 1718 786 aut
1757 705 1948 793 litium
1983 743 2175 784 eausa

303 817 647 900 pervulgatis
677 818 1141 894 omnibus,1ides
1171 817 1488 880 abstrusior
1501 838 1624 884 uon
1647 819 1772 878 erit.
1807 816 1978 878 Talia
1999 820 2173 878 enim

304 929 425 970 esse
452 921 676 992 oportet
692 913 1080 973 dominiorum
1099 914 1283 984 initia,
1307 931 1553 994 quorum
1571 912 1842 974 diuturna
1867 914 2174 990 possessio

304 1022 453 1084 saepe
478 1003 733 1088 legitima
761 1007 1174 1087 proprietatum
1195 1007 1333 1086 jura
1363 1004 1693 1086 perfringitg
1725 1002 1854 1064 talis
1889 1003 2173 1064 liberali-

302 1105 483 1157 tetum
506 1098 771 1160 honestas
790 1145 805 1172 ,
838 1119 963 1180 quoe
994 1099 1133 1159 locis
1174 1098 1418 1160 clamata
1453 1096 1722 1159 omuibus
1751 1097 2172 1178 accipientium

303 1193 753 1276 donantiumque
776 1194 1036 1267 familiis,
1062 1193 1418 1255 liberalitatis
1445 1201 1502 1254 et
1527 1195 1724 1275 gratim
1752 1192 2174 1273 praedicatione

304 1286 598 1369 compleat.
633 1287 814 1349 Simul
843 1307 972 1350 cum
1011 1289 1085 1348 sit
1118 1288 1396 1350 eximium
1435 1287 1712 1367 cujusque
1749 1285 1968 1346 donum
2015 1307 2168 1367 pro-

303 1380 573 1440 merendo
600 1383 843 1461 cepisse,
874 1383 998 1462 ejus
1026 1379 1356 1461 jucunditas
1401 1378 1560 1440 nulla
1587 1379 1776 1442 litium
1809 1379 2170 1441 tristitudine

302 1474 613 1535 minuatur.
638 1473 802 1545 Quod
827 1477 875 1534 si
903 1473 1248 1555 expectanda
1275 1493 1448 1537 causa
1473 1471 1824 1560 dicendoque
1851 1477 2162 1548 sententia,

302 1563 447 1624 orba
479 1565 709 1646 publico
742 1569 1065 1631 testimonio
1093 1564 1406 1636 liberalitas
1431 1585 1639 1631 eaeoam
1654 1568 1910 1647 gratiam
1933 1565 2164 1628 obscu-

302 1677 504 1740 rusque
531 1667 704 1721 coetus
732 1659 1079 1740 prodiderit,
1108 1661 1386 1740 quoniam
1421 1658 1541 1722 sola
1569 1657 1726 1723 fraus
1767 1661 2002 1740 cognita
2041 1669 2158 1736 est,

301 1772 523 1826 eorum,
558 1771 683 1834 ques
706 1753 919 1814 donata
959 1753 1256 1828 dicuutur,
1281 1761 1491 1816 temere
1517 1775 1635 1817 non
1679 1755 1787 1817 erit
1820 1753 1964 1816 fides
2006 1757 2164 1818 acci·
2224 1779 2225 1802 l

299 1849 537 1932 pienda,
561 1849 665 1910 sed
692 1869 761 1912 ea
784 1849 1126 1914 alienatione
1170 1895 2154 1915 ................
2222 1913 2223 1928 ἦ

302 1961 511 2003 uorum
538 1945 747 2024 rejecta
778 1942 863 2003 vel
890 1965 959 2004 su
1002 1989 1019 2006 .
1070 1991 1085 2007 .
1130 1989 1150 2004 .
1201 1991 1216 2004 .
1269 1989 1284 2007 .
1335 1986 2158 2008 .............

302 2037 477 2096 versis
514 2035 713 2096 studiis
740 2045 889 2098 reete
918 2057 947 2096 r
986 2081 1005 2098 .
1059 2082 1097 2120 .,
1125 2075 2154 2102 ................
2220 2039 2221 2054 ’

295 2129 426 2207 jure
453 2127 608 2209 quod
642 2130 959 2210 quibusque
994 2129 1170 2194 rebus
1201 2129 1432 2194 donatis
1475 2173 2152 2195 ...........

304 2243 369 2283 ea
414 2223 757 2302 perfectione
791 2223 1017 2287 faciend
1074 2267 1970 2292 ..............
2029 2242 2157 2288 ver-

302 2315 509 2379 borum
554 2316 759 2378 deiude
796 2337 918 2386 esse
956 2319 1262 2400 quicquam
1309 2365 1322 2380 .
1369 2365 1422 2383 ..
1433 2361 2152 2378 ............

300 2411 423 2492 lege
445 2419 791 2472 commutata
816 2411 1147 2476 verborum·
1161 2455 1496 2476 ......
1497 2469 1499 2471 ,
1547 2455 2148 2478 ..........

302 2505 576 2566 faciendis
620 2523 809 2586 neque
847 2504 1025 2573 ullam
1028 2548 1806 2570 .............
1819 2561 1828 2572 ,
1863 2551 2147 2569 .....

300 2599 441 2658 flare
469 2618 598 2658 cum
635 2598 841 2660 futuris
873 2603 973 2681 Jus
1008 2621 1049 2682 p
1096 2643 2144 2664 .................

302 2713 427 2773 quae
464 2702 527 2752 ut
561 2712 761 2754 omues
792 2713 1037 2774 cognosc
1078 2736 1362 2758 .....
1393 2681 1404 2692 ’
1411 2733 1879 2754 ........
1987 2717 2014 2754 ·.
2065 2741 2082 2754 .
2133 2740 2144 2751 .

301 2788 342 2844 ti
380 2794 479 2843 tuo
506 2784 863 2866 praeferenda
890 2797 975 2848 est
1001 2787 1110 2848 PP.
1140 2786 1252 2850 ΙΙΙ.
1271 2805 1403 2851 non
1427 2785 1568 2848 Feb.
1609 2787 1814 2850 Severo
1849 2795 1908 2849 et
1937 2787 2148 2866 Rufino
2208 2784 2209 2815 ¹

301 2897 484 2937 conss.
522 2880 582 2935 in
610 2878 735 2937 foro
764 2879 877 2940 divi
912 2881 1182 2961 Trajaemi.
1215 2877 1376 2958 (323.
1386 2880 1408 2958 )
2206 2919 2207 2940 l

381 2981 550 3031 950.
580 2971 789 3032 Paulus
814 2971 921 3034 lib.
956 2973 1069 3034 x11.
1102 2975 1174 3034 R.
1215 2973 1564 3054 Imperfecta
1605 3017 1622 3036 .
1667 3019 1682 3036 .
1726 3018 1742 3034 .
1795 3019 1810 3032 .
1862 3019 1876 3034 .
1930 3019 1944 3034 .
1997 3022 2014 3036 .
2065 3021 2078 3034 .
2123 3019 2136 3032 .

303 3059 658 3122 liberalitatis
688 3065 957 3124 novissim
962 3108 2138 3130 ...................

385 3164 556 3214 251.
588 3154 746 3214 Item.
776 3157 905 3220 Non
932 3159 1058 3221 ideo
1089 3159 1319 3222 donatio
1363 3201 2139 3222 .............
2193 3215 2202 3224 .

306 3244 435 3302 liliae
483 3245 688 3304 tradita
738 3247 926 3326 placui
963 3295 1432 3316 ........
1475 3265 1482 3271 ’
1484 3293 2137 3315 ...........
