2292 3684
445 61 514 115 34
560 74 676 116 em
697 74 840 116 msr.
875 77 925 118 c.
958 78 996 133 1,
1021 62 1085 135 ἐξ
1110 64 1293 121 30-34.
1325 78 1477 127 omn.
1498 77 1607 120 nox
1632 77 1731 119 ηει-
1752 78 1918 120 penu.
1944 79 2217 123 ramnum

439 179 626 237 testati
653 177 866 237 fuerint
893 178 1158 240 adhibitis
1196 200 1311 240 non
1339 183 1529 241 minus
1571 201 1744 262 quam
1788 192 2005 263 septem
2054 183 2217 243 testi}

441 270 658 331 ciuibus
686 272 958 331 Romanis
994 272 1335 354 puberibuS,
1370 284 1422 334 et
1449 273 1632 333 filium
1676 277 2136 356 procreaverint,
2160 288 2217 341 'el

437 364 588 424 filius
616 364 917 425 anniculus
923 366 1124 444 suerit
1128 390 1163 445 ,⁰
1183 371 1569 448 permittatur
1597 370 1693 442 eis,
1720 371 1772 429 si
1795 368 1995 445 velint,
2029 390 2142 449 per
2173 392 2217 431 e:

437 459 621 540 legem
651 458 808 521 adire
849 468 1175 541 proetorem,
1212 460 1299 523 vel
1341 464 1399 521 in
1448 462 1753 543 provinciis
1797 463 2102 543 praesidem
2157 484 2217 543 pn

439 554 665 626 vinciae,
706 562 760 613 et
805 552 1123 635 adprobare
1163 574 1222 615 se
1260 574 1329 615 ex
1367 554 1490 636 lege
1526 553 1672 613 AElia
1712 554 1933 627 Sentis,
1976 555 2217 617 liber-orn

438 664 633 723 causa,
663 666 902 706 uxorem
929 645 1176 721 duxisse,
1204 654 1258 707 et
1286 667 1354 708 ex
1380 668 1446 707 ea
1474 646 1653 707 filium
1676 646 2011 709 anniculum
2036 648 2217 709 hahet

439 748 495 799 et
522 742 570 803 si
597 742 646 797 is
675 738 831 819 apud
859 759 1028 820 quem
1059 760 1231 801 causa
1257 740 1497 822 probata
1525 748 1638 815 est,
1666 740 1725 798 id
1766 743 1845 800 ita
1872 760 1995 801 esse
2024 762 2217 822 prom]

438 834 686 906 flaverit,
717 842 853 893 tunc
880 842 934 893 et
960 835 1083 915 ipse
1107 835 1343 895 Latinus
1370 844 1425 895 et
1452 853 1595 894 uxor
1622 834 1771 914 ejus,
1803 836 1851 895 si
1882 842 1938 894 et
1962 836 2095 915 ipsa
2134 838 2187 916 ej
2198 858 2217 897 ι

439 924 569 986 dem
599 926 974 1008 (conditionis
999 930 1096 1001 sit,
1126 937 1183 990 et
1205 926 1671 1008 ipsorumfilius,
1699 931 1753 989 εἰ
1776 937 1833 991 et
1860 932 1983 1009 ipse
2010 930 2217 1013 ejusde

439 1018 776 1081 conditionis
803 1022 903 1092 sit,
934 1022 1082 1081 cives
1107 1022 1352 1081 Romani
1378 1040 1499 1081 esse
1528 1020 1820 1102 jubentur.
1856 1032 1971 1084 80.
2006 1023 2143 1083 Ideo
2186 1046 2217 1085 a

439 1122 554 1175 tem
582 1115 642 1173 in
668 1116 795 1196 ipso
805 1112 944 1193 filio
973 1114 1307 1194 adjecimuS,
1338 1118 1387 1174 si
1413 1122 1468 1174 et
1498 1116 1622 1195 ipse
1657 1114 1913 1195 ejusdem
1940 1116 2217 1179 conditim

442 1207 541 1280 sit,
574 1208 708 1287 quia
735 1208 783 1267 si
810 1226 956 1266 uxor
989 1208 1175 1266 Latini
1206 1204 1339 1267 civis
1374 1208 1631 1267 Romana
1667 1217 1778 1281 est,
1813 1210 1909 1290 qui
1939 1227 2009 1268 ex
2041 1229 2111 1270 ea
2156 1230 2217 1271 m

437 1301 601 1374 citur,
632 1320 704 1360 ex
727 1319 875 1360 novo
909 1300 1397 1361 senatusconsulto
1417 1300 1567 1382 quod
1594 1310 1825 1362 auctore
1840 1302 1969 1362 divo
1988 1301 2217 1365 Hadria

438 1392 652 1454 factum
686 1400 803 1465 est,
841 1393 978 1454 civis
1017 1393 1311 1454 Romanus
1350 1396 1615 1456 nascitur.
1648 1405 1763 1457 81.
1798 1396 1917 1456 Hoc
1958 1402 2158 1457 tamen
2194 1400 2217 1480 j

439 1484 814 1568 adipiscendoe
855 1486 1098 1547 civitatis
1131 1473 1427 1559 Romanae,
1474 1488 1691 1548 etiamsi
1732 1486 1839 1548 soli
1876 1489 2149 1549 minores
2182 1498 2217 1551 tn

435 1582 597 1663 giuta
639 1582 922 1643 annorum
968 1582 1305 1641 manumissi
1350 1588 1406 1641 et
1446 1581 1630 1643 Latini
1674 1582 1809 1643 facti
1853 1604 1921 1644 ex
1956 1582 2082 1666 lege
2132 1586 2217 1647 [ΕΙ

435 1674 629 1737 Sentis
653 1672 997 1747 habuerunt,
1029 1682 1218 1734 tamen
1252 1682 1452 1755 postea
1478 1678 1963 1736 senatusconsulto
1990 1679 2149 1758 quod
2178 1682 2217 1739 Ρ

435 1790 573 1853 gaso
604 1776 660 1831 et
684 1770 930 1830 Pusione
965 1768 1297 1831 consulibus
1333 1768 1550 1831 factum
1585 1778 1702 1844 est,
1742 1771 1912 1831 etiam
1956 1773 2216 1853 majorib

433 1867 670 1948 triginta
721 1884 1006 1926 annorum
1051 1866 1420 1925 manumissis
1466 1865 1681 1925 Latinis
1734 1864 1897 1925 factis
1943 1884 2217 1929 concessu

436 1965 538 2019 est.
583 1966 698 2018 39.
740 1958 1028 2029 Ceterum,
1067 1957 1288 2016 etiamsi
1328 1965 1459 2018 ante
1498 1957 1796 2017 decesserit
1835 1957 2065 2018 Latinus
2100 1978 2217 2041 qua

440 2048 693 2109 anniculi
721 2048 821 2108 filii
851 2068 1083 2109 eausam
1112 2048 1411 2130 probaret,
1443 2057 1627 2130 potest
1668 2056 1851 2110 mater
1890 2049 2011 2131 ejus
2044 2072 2217 2115 causa

440 2140 713 2224 probare,
745 2150 801 2200 et
834 2144 915 2201 sic
947 2148 999 2200 et
1033 2141 1163 2221 ipsa
1192 2139 1291 2201 fiet
1322 2142 1457 2201 civis
1481 2141 1743 2202 Romana
1750 2186 2217 2208 ........

523 2366 2074 2391 .........................
2152 2334 2217 2414 ip

439 2419 594 2482 filius
619 2422 782 2502 cujus
789 2463 1074 2483 .....
1083 2454 1086 2457 ’
1122 2462 1505 2481 .......
1576 2419 1744 2480 debet
1772 2440 1999 2481 causam
2026 2423 2217 2504 proba

437 2524 501 2575 ut
537 2554 1443 2578 ...............
1510 2511 1580 2573 de
1608 2512 1726 2573 filio
1755 2513 2068 2576 anniculo·
2118 2563 2134 2578 .

442 2647 1529 2672 ..................
1546 2596 1739 2667 '.iuis
1778 2650 1794 2668 .
1841 2653 1855 2670 .
1903 2654 1919 2669 .
1962 2652 1978 2669 .
2024 2608 2217 2673 domin

437 2740 1915 2764 ........................
1965 2699 2215 2773 Quin-itia

575 2839 591 2855 .
641 2837 656 2854 .
701 2794 907 2854 caverit
911 2834 2204 2857 .....................

440 2929 712 2952 .....
757 2884 2205 2967 inejusloc..................

520 2990 634 3043 ³8.
687 3021 1144 3043 ........
1186 2975 1456 3037 aedificio.
1502 3022 1519 3037 .
1560 3018 1579 3037 .
1625 3020 1641 3038 .
1686 2996 1803 3037 uon
1856 2979 2043 3040 minus
2094 3002 2217 3063 qua

439 3083 664 3155 partem
679 3112 1262 3135 ..........
1308 3072 1643 3151 patrimonii
1664 3072 1760 3132 sui
1784 3071 2151 3153 impenderit,
2176 3079 2217 3158 j1

440 3168 757 3239 Quiritium
786 3171 1159 3247 consequatur
1186 3206 1452 3225 .....
1514 3174 1632 3225 84.
1678 3210 1693 3223 .
1742 3209 1757 3224 .
1810 3210 1825 3226 .
1870 3164 2139 3228 frumenti
2182 3212 2200 3231 .

445 3302 1028 3325 ..........
1077 3254 1629 3336 adjusQuiritium.
1676 3302 1694 3321 .
1740 3300 1756 3318 .
1806 3304 1820 3319 .
1872 3304 1887 3320 .
1935 3305 1950 3319 .
1993 3303 2007 3320 .
2056 3305 2070 3321 .
2125 3308 2141 3323 .
2191 3309 2207 3325 .
