2292 3684
486 126 634 168 sust.
670 125 814 168 mer.
863 127 916 168 1..
953 127 1005 182 1,
1042 128 1095 170 τ.
1121 129 1178 168 v.
1217 126 1292 168 un
1328 125 1663 168 mansuum.
1932 114 2001 168 27

157 233 326 302 citur,
354 229 484 290 licet
510 227 717 288 ancilla
741 231 1080 309 conceperit.
1106 229 1177 290 Et
1194 249 1227 290 s
1254 229 1557 302 contrario,
1582 229 1629 288 si
1655 227 1840 288 libera
1868 247 2003 288 con-

157 325 397 405 ceperit,
435 321 638 382 deinde
663 321 870 382 ancilla
897 323 1045 382 facta
1082 327 1294 404 pariat,
1326 323 1540 406 placuit
1566 342 1699 382 eum
1727 323 1828 402 qui
1865 341 2007 382 uas-

159 421 310 479 citur
355 416 602 476 liberum
640 417 824 486 nasci;
857 418 993 496 quia
1027 437 1146 477 non
1184 415 1350 476 debet
1394 416 1684 477 calamitas
1714 417 1914 476 matris
1953 418 2008 477 ei

160 530 398 581 nocere,
431 511 531 591 qui
559 511 616 568 in
645 517 807 568 utero
835 518 934 570 est.
968 511 1051 570 Ex
1075 509 1165 570 his
1193 509 1335 569 iilud
1362 513 1659 590 quaesitum
1686 516 1789 580 est,
1823 511 1870 568 si
1899 529 2005 568 an-

157 602 294 664 cilla
321 621 622 684 praegnans
658 603 1010 676 manumissa
1045 604 1144 676 sit,
1175 601 1375 662 deiude
1402 601 1609 663 ancilla
1637 610 1831 682 postea
1862 601 2009 662 faeta

161 697 472 778 pepererit,
516 693 763 755 liberum
802 715 876 754 an
919 715 1146 754 servum
1185 693 1408 775 pariat?
1442 695 1513 754 Et
1546 693 1847 755 Marcellus
1874 715 2009 776 pro-

159 789 264 849 bat
294 788 540 848 liberum
567 790 756 861 nasci;
787 787 996 850 sufficit
1022 790 1177 848 enim
1206 789 1261 848 ei
1295 787 1396 869 qui
1430 789 1493 846 in
1518 797 1716 848 ventre
1745 795 1829 848 est
1858 786 2009 847 libe-

159 904 294 944 ram
332 892 576 944 matrem
624 881 714 942 vel
751 883 937 944 medio
971 891 1226 964 tompore
1262 881 1531 944 habuisse
1567 905 1581 944 ε
1617 880 1771 963 quod
1809 901 2009 944 verum

161 986 268 1038 est.
759 1031 762 1036 .

252 1079 317 1130 1.
363 1068 508 1128 Cum
547 1076 738 1128 autem
775 1069 1058 1150 ingenuus
1095 1067 1303 1150 aliquis
1331 1075 1498 1129 natus
1539 1069 1646 1142 sit,
1680 1089 1797 1131 uon
1835 1067 2011 1130 officit

158 1163 250 1224 illi
275 1166 337 1223 in
367 1165 636 1224 servitute
659 1161 853 1234 fuisse,
893 1170 947 1222 et
974 1172 1170 1245 postea
1196 1165 1613 1224 manumissum
1632 1155 1783 1236 ess'03
1811 1164 2011 1244 saepis-

163 1261 308 1319 sime
347 1259 504 1318 euim
536 1259 905 1319 constitutum
933 1265 1051 1332 est,
1083 1255 1374 1318 natalibus
1402 1277 1519 1317 uon
1548 1257 1776 1320 officere
1804 1277 2009 1320 manu-

169 1371 524 1413 missionem.

741 1499 859 1563 Τιτ.
903 1499 966 1562 V.
1014 1500 1094 1560 Ds
1133 1517 1441 1562 naumis.

247 1615 528 1690 Lihertini
549 1626 704 1694 sunt,
733 1619 833 1700 qui
853 1635 923 1678 ex
935 1616 1092 1698 justa
1117 1617 1383 1678 servitute
1412 1617 1750 1679 manumissi
1774 1623 1931 1680 sunt.

249 1897 628 1958 manumissio
665 1902 856 1956 autem
891 1903 976 1955 est
1015 1893 1169 1955 datio
1204 1895 1513 1967 libet-utin
1562 1915 1701 1956 nam
1744 1896 2017 1978 quamdiu

169 1993 300 2073 quis
337 1993 398 2050 in
437 1990 705 2050 servitute
745 1995 862 2059 est,
902 1989 1104 2049 manui
1145 1998 1202 2049 et
1243 1991 1503 2069 potestati
1540 1991 1867 2070 suppositus
1903 1999 2015 2065 est,

169 2093 226 2143 et
265 2083 654 2142 manumissus
694 2078 970 2140 liberatur
1009 2087 1306 2161 potestate.
1338 2080 1471 2154 Quae
1508 2101 1599 2142 res
1641 2101 1678 2142 a
1706 2082 1839 2162 jure
1880 2102 2019 2163 gen-

168 2177 315 2235 tium
357 2175 642 2256 originem
678 2174 955 2252 sumpsit,
999 2180 1191 2254 utpote
1220 2193 1350 2234 cum
1382 2175 1513 2254 jure
1540 2173 1785 2235 naturali
1824 2194 2021 2236 omnes

169 2268 340 2329 liberi
372 2274 772 2339 nascerentur,
803 2285 910 2326 nec
950 2276 1096 2327 esset
1124 2275 1262 2329 nota
1296 2269 1705 2345 manumissio,
1736 2289 1866 2330 cum
1896 2289 2023 2330 ser-

171 2365 320 2424 vitus
357 2370 503 2422 esset
539 2361 850 2442 incognita.
886 2359 1000 2422 Sed
1044 2369 1417 2443 posteaquam
1446 2364 1577 2444 jure
1618 2364 1872 2444 gentium
1900 2383 2021 2423 ser-

172 2459 320 2518 vitus
355 2457 594 2529 invasit,
632 2463 889 2517 secutum
931 2463 1016 2516 est
1034 2453 1393 2516 beneficium
1426 2458 1925 2529 manumissionis;
1966 2467 2022 2518 et

171 2572 306 2614 cum
353 2569 472 2612 uno
522 2549 774 2610 naturali
819 2551 1052 2612 nomine
1093 2549 1357 2612 homiues
1401 2550 1851 2632 appellat-emur,
1888 2553 2021 2632 jure

172 2645 430 2727 gentium
457 2645 569 2704 tria
585 2663 798 2725 genera
815 2642 1119 2704 homiuum
1145 2663 1269 2704 esse
1298 2654 1609 2724 coeperunt,
1638 2643 1828 2717 liberi,
1854 2645 2023 2706 ethis

172 2740 526 2801 contrarium
554 2738 725 2808 servi,
758 2744 814 2798 et
837 2739 1070 2800 tertium
1096 2756 1279 2820 genus
1302 2736 1582 2814 libertini,
1614 2741 1716 2821 qui
1740 2738 2023 2800 desierant

173 2853 298 2896 esse
319 2833 486 2894 servi.

258 2937 322 2988 ι.
363 2913 560 2988 Multis
584 2933 776 2985 autam
801 2923 988 2988 modis
1015 2925 1390 2987 manumissio
1421 2924 1711 3006 procedit:
1744 2934 1843 2986 aut
1868 2928 2022 2987 enim

173 3041 244 3081 ex
269 3022 444 3080 sacris
471 3019 971 3080 constitutionibus
987 3019 1046 3078 in
1077 3021 1453 3080 sacrosanctis
1485 3018 1751 3096 ecclesiis,
1782 3027 1880 3081 aut
1901 3023 2023 3080 vin-

172 3115 354 3188 dicta,
385 3123 484 3174 aut
508 3117 660 3174 inter
695 3115 938 3186 amicos,
970 3122 1068 3172 aut
1093 3132 1200 3192 per
1227 3112 1557 3192 epistolam,
1590 3119 1689 3172 aut
1714 3133 1817 3193 per
1854 3123 2022 3174 testa·-

173 3217 462 3279 mentum,
507 3215 608 3267 aut
649 3226 754 3288 per
793 3205 969 3265 aliam
1008 3203 1322 3286 quamlibet
1360 3203 1621 3263 ultimam
1649 3204 2014 3267 voluntatem.

176 3299 288 3361 Sed
313 3309 370 3362 et
397 3299 527 3360 aliis
562 3298 760 3361 multis
800 3296 988 3359 modis
1013 3296 1250 3358 libertas
1270 3315 1432 3358 servo
1468 3304 1786 3377 competere
1815 3305 2024 3375 potest,
