2292 3684
382 123 448 176 88
487 134 603 177 om
621 135 766 177 mer.
781 135 834 176 c.
851 134 890 192 1,
907 121 968 188 55
988 121 1135 177 ⁴394
1150 119 1239 176 43.
1254 135 1308 183 o.
1322 135 1382 177 u.
1396 134 1451 183 o.
1466 133 1527 175 m
1541 133 1707 176 nuc,
1728 133 1777 174 s,
1794 133 1905 176 me.
1922 133 2107 175 —nss
2120 131 2245 175 τι]

354 237 501 298 .loco
534 236 846 311 habentur,
875 236 1145 310 vindicta,
1178 257 1377 309 censu,
1410 244 1740 320 testamento
1767 237 2149 296 manumissi
2200 255 2245 294 ε

373 333 520 412 juris
555 331 722 392 flunt.
769 342 931 392 1³9.
965 331 1078 392 Nec
1105 343 1293 392 tamen
1321 334 1380 391 iu
1411 332 1520 393 hoc
1552 352 1687 392 casu
1722 331 1813 392 lex
1848 329 2009 390 AElia
2045 331 2245 389 Seni

375 425 564 484 locum
597 423 768 483 habet
802 447 815 484 ε
857 427 1046 507 itaque
1075 423 1221 486 nihil
1251 426 1623 504 requirimuS,
1654 425 1815 505 cujus
1852 425 2047 482 oetatis
2090 424 2197 482 sit

374 521 472 601 qui
509 521 854 580 manumittit
889 527 944 578 et
983 521 1080 600 qui
1115 521 1561 591 manumittitur,
1593 540 1661 580 ac
1697 539 1769 578 ne
1804 517 1951 578 illud
1988 516 2245 598 quiden

377 630 450 670 an
479 620 786 692 patronum
813 612 1213 672 creditoremve
1242 614 1621 672 manumissor
1647 611 1870 672 habeat.
1897 610 1986 670 Ac
2020 630 2108 670 ne
2146 631 2245 668 nt

378 723 569 763 merus
597 704 822 786 quidem
859 703 998 786 legis
1035 705 1217 763 Furioe
1252 705 1501 764 Caninioe
1526 704 1718 764 finitus
1743 707 1803 764 in
1833 703 1925 763 his
1956 705 2245 784 pei-aon}¹

377 795 568 857 locum
605 796 796 858 habet.
842 809 1001 860 14⁰.
1035 797 1183 870 Quin
1214 801 1383 858 etiam
1410 801 1583 858 invito
1611 818 1835 881 quoque
1868 817 1939 858 eo
1968 799 2160 877 cujus
2201 800 2245 856 i:

377 893 664 972 mancipio
691 901 839 965 sunt,
863 912 1031 953 ceusu
1062 891 1379 954 libertatem
1409 897 1675 974 consequi
1703 900 1960 976 possunt,
1988 912 2197 972 excep
2210 901 2247 952 t,

377 1004 444 1044 eo
482 1004 650 1065 quem
689 994 851 1067 pater
883 1005 952 1045 ea
990 983 1109 1067 iege
1147 986 1431 1067 mancipio
1467 985 1639 1059 dedit,
1684 996 1745 1046 ut
1778 985 1887 1045 sibi
1928 987 2247 1045 remanci-

379 1087 577 1159 petur3
635 1098 772 1138 nam
817 1078 1062 1160 quodam
1109 1079 1279 1139 modo
1322 1089 1455 1140 tunc
1502 1091 1662 1162 pater
1700 1087 2043 1162 potestatem
2086 1101 2247 1161 pro·

376 1175 565 1254 priam
597 1193 883 1234 reservare
920 1173 1028 1233 sibi
1067 1173 1288 1234 videtur
1318 1195 1385 1235 eo
1412 1177 1538 1255 ipso
1566 1175 1720 1257 quod
1745 1177 2042 1256 mancipio
2086 1179 2247 1235 reci

376 1267 476 1346 pit.
519 1265 600 1325 Ae
635 1285 708 1324 ne
742 1267 792 1324 is
829 1265 1058 1347 quidem
1091 1264 1327 1340 dicitur,
1358 1267 1533 1327 invito
1560 1287 1628 1327 eo
1650 1270 1812 1348 cujus
1838 1268 1901 1326 in
1926 1269 2247 1348 mancipi<

376 1367 476 1433 est,
501 1378 670 1418 censu
692 1357 1012 1418 libertatem
1040 1361 1327 1440 consequi,
1350 1379 1519 1440 quem
1546 1367 1707 1440 pater
1734 1380 1802 1420 ex
1828 1358 2022 1420 noxali
2050 1379 2247 1419 causa

376 1453 662 1536 mancipio
684 1452 861 1525 dedit,
897 1453 1048 1515 velut
1070 1457 1167 1537 qui
1196 1453 1334 1513 furti
1358 1454 1481 1533 ejus
1510 1456 1743 1515 nomine
1767 1453 2072 1514 damnatus
2108 1467 2215 1514 est
2234 1501 2247 1528 ,

376 1556 432 1608 et
467 1567 595 1608 eum
629 1551 916 1630 mancipio
945 1552 1122 1609 actori
1151 1548 1330 1619 dadin
1364 1569 1499 1608 nam
1526 1547 1679 1609 hune
1708 1569 1812 1630 pro
1840 1551 2087 1630 pecunia
2116 1549 2247 1610 ha-

376 1641 487 1703 bet.
545 1653 704 1704 141.
757 1643 821 1703 In
869 1663 1092 1704 summa
1142 1640 1484 1703 admonendi
1532 1663 1748 1713 sumus,
1802 1642 2071 1703 adversus
2124 1663 2247 1703 eos

376 1756 520 1819 quos
551 1739 612 1796 in
645 1739 931 1819 mancipio
965 1737 1245 1798 habemns
1265 1782 1281 1808 ,
1309 1736 1453 1797 nihil
1490 1735 1655 1798 nobis
1692 1736 2095 1798 contumeliose
2128 1737 2245 1796 fa—

375 1851 501 1892 cere
539 1830 732 1902 licere;
780 1832 1036 1913 alioquin
1079 1831 1353 1911 injuriam
1390 1833 1615 1894 actione
1661 1831 1994 1891 tenebimur.
2023 1830 2103 1890 Ac
2150 1853 2242 1891 ne

374 1925 469 1984 diu
501 1923 730 2004 quidem
755 1925 815 1982 in
845 1943 912 1983 eo
931 1924 1062 2002 jure
1091 1921 1413 1982 detinentur
1440 1921 1721 1995 homines,
1750 1922 1850 1982 sed
1880 1922 2235 2004 plerumque

375 2017 482 2078 hoc
507 2017 579 2086 &t
612 2017 750 2078 dieis
786 2019 969 2098 gratia
1007 2037 1124 2077 uno
1162 2024 1479 2089 momento,
1524 2019 1637 2078 nisi
1672 2015 1882 2078 scilicet
1916 2037 1983 2077 ex
2020 2017 2227 2104 noxali

373 2131 545 2171 causa
574 2111 1060 2190 manciparentur.
1750 2181 1761 2192 ,

460 2213 618 2264 142.
651 2203 1031 2262 Transeamus
1069 2222 1223 2263 nunc
1260 2202 1331 2262 ad
1370 2202 1547 2263 aliam
1582 2202 1948 2263 divisionem:
1979 2221 2106 2260 nam
2140 2223 2219 2262 ex

374 2294 462 2355 his
517 2297 773 2377 personis
820 2316 944 2376 quoe
995 2317 1178 2378 neque
1223 2299 1283 2356 in
1332 2305 1629 2378 potestate,
1670 2317 1852 2377 neque
1895 2299 1955 2354 in
2000 2316 2213 2370 manu,

373 2406 560 2468 neque
596 2389 656 2446 in
691 2389 980 2468 mancipio
1019 2398 1179 2462 sunt,
1219 2389 1477 2466 quedam
1515 2388 1603 2449 vel
1631 2391 1693 2449 in
1724 2387 1899 2449 tutela
1930 2397 2077 2463 sunt,
2110 2392 2211 2450 vel

374 2483 434 2540 iu
464 2484 779 2553 curatione,
813 2481 1072 2563 quaedam
1099 2493 1297 2543 neutro
1318 2483 1451 2563 jure
1478 2490 1760 2543 tenentur.
1784 2481 2072 2542 Videamus
2095 2483 2213 2564 igi-

375 2584 497 2647 tur,
530 2595 654 2656 quoe
681 2576 740 2633 in
771 2573 970 2646 tutela,
1003 2574 1091 2634 vel
1123 2577 1187 2633 in
1224 2577 1516 2636 curatione
1554 2577 1688 2646 sint3
1722 2577 1798 2634 ita
1826 2575 1974 2635 enim
1996 2575 2208 2636 intelli—

372 2687 569 2749 gemus
596 2667 664 2727 de
693 2672 888 2728 ceteris
917 2670 1176 2748 personis
1205 2689 1329 2750 quae
1357 2678 1559 2728 neutro
1580 2675 1713 2747 jure
1740 2675 2011 2728 tenentur.

457 2771 617 2824 148.
642 2761 722 2821 Ac
749 2763 908 2843 prius
931 2761 1295 2844 dispiciamus
1324 2761 1393 2822 de
1419 2761 1508 2821 his
1536 2781 1658 2844 quoe
1684 2764 1743 2821 in
1773 2760 1946 2821 tutela
1970 2768 2105 2822 sunt.

702 2916 919 2980 Pincus,
944 2914 1035 2966 lib.
1063 2917 1381 2980 XXXVIII,
1406 2915 1481 2968 ad
1508 2916 1757 2968 Edictum
1780 2914 1872 2980 (1).

437 3018 614 3070 Tutela
636 3021 742 3082 est,
776 3020 836 3070 ut
861 3019 1063 3071 Servius
1082 3019 1281 3084 definit,
1312 3019 1389 3070 vis
1420 3031 1481 3071 ac
1506 3019 1727 3085 potestas
1750 3019 1803 3069 in
1826 3019 1980 3083 capite
2004 3017 2143 3069 libero
2162 3058 2179 3084 ‚

371 3099 438 3150 ad
465 3097 711 3150 tuendum
745 3113 891 3163 eum,
923 3097 1012 3162 qui
1049 3101 1253 3163 propter
1282 3099 1481 3150 aetatem
1524 3112 1617 3150 sua
1650 3100 1829 3164 sponte
1864 3111 1919 3149 se
1942 3097 2179 3150 defendere

371 3181 578 3246 nequit,
599 3181 711 3244 iure
733 3179 870 3231 civili
897 3179 1010 3230 data
1037 3191 1097 3230 ac
1117 3180 1377 3244 permissa.

431 3347 506 3412 (l)
529 3350 576 3397 1..
611 3355 653 3407 l,
675 3363 771 3413 pr„
793 3346 874 3405 D.‚
901 3347 973 3395 De
995 3347 1153 3396 tutelis
1178 3348 1333 3413 (xxvi,
1360 3345 1425 3411 1).
