2292 3684
945 127 1246 171 esau-rio.
1982 121 2019 176 7

181 250 307 296 non
333 233 592 318 integrae
618 237 983 319 appareant,
1019 232 1411 300 currentibus
1430 237 1557 302 sive
1580 234 1825 304 italicis
1854 234 2015 304 litte·-

180 345 264 407 ris
303 340 718 408 distinximus,
754 343 832 407 At
872 339 978 412 ubi
1010 343 1299 429 verbum,
1353 346 1519 435 quod
1551 367 1587 412 a
1628 348 1845 415 codice
1874 372 2012 415 om-

177 458 328 522 nino
369 453 588 520 abesse
628 459 904 534 constat,
948 457 1016 520 in
1053 459 1435 538 contextum,
1472 479 1657 524 sensu
1692 463 2009 549 exigente,

175 571 372 656 recipi
411 571 719 656 oportuit,
773 567 893 634 hoc
939 567 1195 634 verbum
1234 592 1363 637 non
1400 569 1589 637 modo
1640 571 1865 638 italicis
1906 572 2016 638 lit-

173 685 326 747 teris
353 683 800 771 expressimus,
837 679 947 748 sed
979 683 1168 748 etiam
1193 680 1605 752 semicirculis
1640 685 1662 769 (
1756 685 1776 770 )
1810 681 2015 750 inclu-

176 798 394 860 simus.

259 907 516 988 Contra,
552 911 755 996 siqua
775 927 894 974 vox
916 905 1213 991 delenda,
1251 913 1317 972 ut
1344 905 1694 996 superflua,
1722 910 1856 974 visa
1882 915 1974 974 est
1990 957 2007 988 ,

171 1043 316 1089 eam
349 1020 670 1111 quadratis
701 1023 882 1088 uncis
915 1019 938 1109 [
1023 1020 1044 1110 ]
1073 1019 1623 1086 circumduximus.

260 1130 446 1214 Quod
479 1130 558 1197 de
585 1129 936 1196 italicarum
964 1129 1312 1196 litterarum
1333 1182 1350 1211 ,
1382 1151 1627 1198 necnon
1655 1131 2013 1197 semicircu-

167 1239 400 1308 larium
441 1249 504 1308 et
553 1237 1002 1330 angulosorum
1035 1243 1410 1307 uncinorum
1452 1263 1571 1308 usu
1612 1239 1849 1308 dictum
1880 1246 2005 1322 est,

175 1351 344 1420 idem
375 1351 672 1441 deinceps
701 1355 771 1418 in
797 1357 928 1418 toto
955 1349 1291 1418 voluminis
1325 1350 1591 1419 decursu
1618 1352 1999 1422 observatur.

253 1463 655 1532 Novellarum
709 1466 1042 1533 Iustiniani
1093 1468 1603 1532 constitutionum
1642 1465 1887 1534 CXVIII.
1944 1475 2005 1534 et

165 1578 439 1648 CXXVII.
493 1597 766 1668 graecum
807 1583 1040 1644 textum
1061 1629 1078 1660 ,
1129 1599 1321 1668 quem
1365 1577 1649 1668 vulgares
1702 1577 2003 1671 editiones

161 1713 496 1782 perperam
523 1693 835 1774 omittunt,
866 1694 1268 1774 servavimus,
1297 1697 1367 1758 ut
1394 1689 1654 1757 studiosi
1683 1689 1913 1781 linguae
1942 1699 2003 1758 et

164 1802 324 1893 stylo
349 1806 835 1892 Byzantinorum
866 1802 1292 1894 legislatorum
1326 1811 1712 1886 assuescant;
1742 1812 1803 1870 et
1837 1808 2003 1871 anti-

163 1939 354 2006 quam
392 1919 748 1984 versionem
779 1914 1070 2001 latinam,
1108 1915 1495 1984 hellenismis
1524 1915 1815 1984 refertam
1833 1971 1850 2000 ,
1886 1916 2001 1984 ad·-

154 2033 513 2120 junximus,
549 2033 765 2120 paucis
799 2036 1038 2096 tantum
1068 2033 1411 2097 immutatis
1431 2083 1447 2112 ,
1485 2052 1607 2120 quo
1634 2033 1891 2120 propius
1918 2029 1997 2096 ad

161 2164 439 2234 graecum
473 2143 904 2212 authenticum
939 2142 1281 2212 accederet.

249 2256 471 2340 Quoad
523 2264 727 2324 cetera
771 2259 994 2323 veteris
1031 2259 1195 2346 juris
1238 2258 1503 2322 Romani
1554 2262 1987 2341 monumenta,

159 2390 386 2460 nempe
406 2370 662 2436 Uu’mm
684 2371 964 2438 Rucums
980 2422 996 2451 ,
1021 2371 1213 2436 Psuu
1242 2369 1623 2438 Ssursm'rms
1640 2421 1655 2450 ,
1682 2371 1995 2438 Vs'ricAuA

157 2502 556 2562 maenum,
589 2492 650 2550 et
690 2483 814 2549 alia
853 2482 1170 2568 breviora,
1222 2490 1353 2549 tum
1380 2481 1809 2560 Berolinense,
1856 2490 1990 2548 tum

157 2593 504 2688 praesertim
541 2599 866 2663 Bonnense
910 2597 1160 2690 Corpus
1174 2594 1357 2685 jin-is
1394 2594 1674 2664 Romani
1704 2593 2010 2682 majus--

157 2709 440 2780 tinianei
467 2713 662 2778 secuti
695 2731 930 2778 sumus.

239 2825 314 2891 In
339 2822 544 2892 Pauli
572 2821 922 2893 Sententiis
955 2825 1251 2890 asterisco
1290 2821 1323 2860 ¹¹
1361 2825 1703 2889 notavimus
1742 2841 1849 2888 eos
1876 2843 1993 2912 pa-

153 2934 498 3026 ragraphos
537 2939 646 3026 qui
678 2958 806 3002 non
837 2957 909 3002 ex
939 2937 1102 3026 Leqe
1130 2933 1421 3004 Romana
1474 2934 1982 3038 Visiqothorzqm,

153 3055 222 3114 ut
253 3047 516 3138 reliqui,
551 3047 662 3115 sed
693 3071 768 3116 ex
808 3047 1172 3118 Collationc
1208 3047 1419 3138 lequm
1457 3047 1897 3116 Mosaicarum
1926 3059 1991 3116 et

149 3165 596 3230 Romanarum
634 3161 731 3228 vel
762 3183 838 3230 ex
877 3161 1120 3231 Veteris
1163 3159 1501 3248 cujusdam
1526 3158 1997 3247 jurisconsulti

155 3274 653 3346 consultatione
681 3274 1030 3365 deprompti
1051 3281 1213 3340 sunt.
1246 3275 1365 3339 Eas
1390 3279 1595 3338 autem
1624 3275 1980 3364 sententias,
