2292 3684
403 95 504 149 ⁴04
543 109 661 152 cm
697 112 841 154 ms'r.
883 113 934 154 c.
973 114 1012 168 1,
1055 103 1116 167 §s
1152 101 1419 158 474-484.
1458 115 1531 156 DE
1558 114 1810 156 remano
1844 113 1976 155 Αιιο
2006 111 2245 156 ‘rm-01

401 213 571 286 cedit,
613 225 666 274 et
709 219 1003 276 revertitur
1039 217 1112 278 ad
1150 239 1279 279 eum
1323 221 1446 299 qui,
1489 227 1614 299 post
1656 238 1785 277 eum
1829 217 1928 298 qui
1970 235 2245 276 cesset-{1

403 306 714 366 secundum
743 309 981 389 gradum
1009 313 1066 368 in
1099 310 1271 370 tutela
1297 310 1575 371 habuerit.
1634 322 1789 371 1²1.
1826 311 1933 368 Sed
1964 319 2245 388 quantu

404 398 476 457 ad
513 411 746 479 agnatos
784 405 1051 481 pertinet,
1087 403 1231 461 nihil
1266 402 1373 463 hoe
1410 412 1663 484 tempore
1696 403 1765 462 de
1803 403 2040 461 cessieia
2089 411 2245 460 tute.

403 496 695 572 quoeritur,
729 512 858 554 eum
895 505 1233 578 agnatorum
1272 495 1454 556 tuteloe
1488 499 1547 555 in
1587 495 1813 555 feminis
1849 494 1975 575 lege
2012 493 2245 554 Claud

406 587 638 648 sublatae
675 593 806 653 sint.
856 603 1016 653 122.
1059 593 1165 651 Sed
1199 591 1521 652 fiduciarios
1551 612 1777 672 quoque
1807 591 2047 671 quidam
2084 601 2245 671 pun

404 695 606 745 verunt
641 687 897 747 cedendoe
925 689 1108 748 tuteloe
1129 691 1225 769 jus
1256 709 1369 748 non
1401 687 1639 760 habere,
1672 709 1803 747 eum
1839 689 1952 767 ipsi
1990 707 2055 746 se
2100 707 2245 746 one

403 779 746 861 subjecerint
781 803 792 839 :
833 783 982 862 quod
1012 792 1064 841 et
1092 784 1138 840 si
1169 781 1413 861 placeat,
1446 783 1506 839 in
1537 791 1771 861 parente
1799 790 2020 852 tamen,
2057 783 2181 860 qui
2222 781 2245 840 i

404 873 541 934 liam
591 883 886 955 neptemve
929 883 1028 934 aut
1069 885 1405 956 proneptem
1452 873 1613 934 alteri
1663 894 1731 933 ea
1778 873 1902 954 lege
1957 876 2245 953 mancip}

407 966 581 1043 dedit,
613 979 675 1029 ut
719 969 827 1030 sibi
878 973 1395 1050 remanciparetur,
1431 971 1995 1049 remancipatamque
2042 987 2245 1028 manu

405 1062 582 1135 misit,
611 1063 760 1124 idem
788 1063 897 1123 diei
925 1084 1041 1122 non
1072 1063 1261 1135 debet3
1300 1083 1429 1123 cum
1466 1065 1515 1122 ia
1552 1072 1605 1122 et
1642 1062 1926 1143 legitimus
1960 1069 2127 1120 tutor
2157 1061 2245 1122 ha

407 1158 632 1227 beatur,
678 1168 731 1218 et
775 1179 888 1218 non
931 1161 1120 1218 minus
1162 1158 1295 1219 huic
1341 1179 1513 1240 quam
1552 1159 1809 1240 patronis
1847 1156 2034 1216 honor
2072 1173 2245 1238 proes

405 1251 610 1310 tandus
637 1259 739 1312 est.

490 1355 647 1406 1²3.
689 1346 962 1406 Praeterea
1003 1343 1488 1406 senatusconsulto
1528 1343 1861 1403 mulieribus
1901 1345 2245 1425 permissum

406 1447 487 1497 est
527 1440 589 1496 in
630 1437 878 1497 absentis
924 1440 1124 1497 tutoris
1169 1437 1357 1496 locum
1405 1435 1581 1496 alium
1622 1445 1810 1517 petere
1851 1459 1863 1494 :
1914 1458 2027 1517 quo
2072 1439 2245 1518 petita

403 1532 564 1610 prior
605 1531 842 1602 desinit,
887 1551 992 1591 nec
1033 1534 1263 1590 interest
1308 1550 1481 1609 quam
1535 1529 1702 1610 longe
1750 1530 1934 1589 aberit
1971 1532 2020 1590 is
2066 1540 2245 1598 tutor

413 1635 570 1685 1⁸24.
607 1623 714 1682 Sed
749 1625 1052 1704 excipitur,
1091 1642 1165 1682 ne
1201 1625 1262 1680 in
1301 1622 1548 1681 absentis
1585 1625 1809 1701 patroni
1848 1622 2039 1682 locum
2082 1623 2244 1682 licea

403 1716 618 1776 libertae
639 1723 883 1776 tutorem
911 1724 1116 1798 petere.
1156 1725 1313 1776 1⁰15.
1337 1715 1567 1774 Patroni
1594 1724 1786 1776 autem
1812 1715 1936 1776 loeo
1962 1715 2245 1778 habemus

405 1813 582 1871 etiam
616 1817 908 1890 parentem
937 1810 1034 1890 qui
1071 1809 1132 1868 in
1162 1811 1551 1888 mancipatam
1570 1815 1625 1868 et
1652 1807 1761 1868 sibi
1791 1811 2245 1889 remancipatam

403 1904 599 1979 filiam,
629 1912 922 1984 neptemve
951 1911 1050 1962 aut
1078 1910 1428 1983 proneptem,
1456 1904 1901 1963 manumissione
1928 1903 2245 1984 legitimam

404 1999 636 2060 tutelam
669 2008 909 2057 nanctus
937 2007 1041 2059 est.
1075 1998 1258 2076 Hujus
1286 1996 1515 2078 quidem
1542 1995 1710 2058 liberi
1736 1997 2012 2057 fiduciarii
2043 2002 2245 2060 tutoris

402 2093 526 2154 loeo
567 2101 983 2152 numerantur:
1028 2093 1255 2171 patroni
1291 2099 1480 2150 autem
1518 2089 1683 2150 liberi
1719 2090 1977 2150 eamdem
2009 2091 2245 2152 tutelam

319 2211 322 2216 ·
405 2186 820 2266 adipiscuntur,
855 2205 1027 2264 quam
1057 2193 1111 2243 et
1142 2193 1302 2263 pater
1328 2203 1527 2243 eorum
1554 2182 1772 2243 habuit.
1825 2193 1981 2245 12⁶.
2024 2183 2143 2244 Sed
2162 2185 2245 2244 ad

406 2288 622 2340 certam
644 2278 872 2360 quidem
899 2297 1161 2350 causam,
1194 2279 1363 2336 etiam
1396 2279 1455 2335 in
1497 2279 1721 2356 patroni
1749 2277 1997 2337 absentis
2024 2276 2245 2351 locum,

397 2377 661 2455 permisit
711 2381 945 2434 senatus
981 2381 1222 2432 tutorem
1267 2381 1487 2452 petere,
1536 2370 1707 2431 veluti
1754 2371 1823 2431 ad
1881 2367 2245 2432 hereditatem

409 2466 743 2526 adeundam.
791 2476 948 2526 lue.
982 2466 1136 2525 Idem
1174 2472 1401 2524 senatus
1428 2466 1645 2524 censuit
1672 2467 1733 2523 in
1772 2484 2013 2545 persona
2038 2464 2245 2544 pupilli

406 2560 632 2640 patroni
660 2558 780 2617 filii.
833 2567 995 2618 ns.
1020 2560 1271 2638 Itemque
1294 2556 1416 2637 lege
1444 2556 1595 2615 Julia
1623 2555 1692 2616 de
1718 2556 2046 2616 maritandis
2084 2558 2239 2616 ordi-

407 2654 603 2723 nibus,
648 2653 698 2711 ei
739 2671 862 2731 quae
907 2652 970 2710 in
1009 2649 1263 2730 legitima
1308 2647 1483 2708 tutela
1523 2648 1727 2730 pupilli
1766 2651 1862 2725 sit,
1906 2651 2241 2730 permittitur

409 2749 552 2807 dotis
572 2745 970 2806 constituendae
991 2745 1174 2826 gratia
1194 2762 1228 2802 a
1248 2751 1482 2822 proetore
1510 2742 1733 2802 urbano
1761 2752 2001 2802 tutorem
2027 2751 2233 2823 petere.

415 2852 575 2902 129.
611 2841 756 2901 Sane
783 2841 1012 2921 patroni
1038 2835 1220 2907 filius,
1250 2837 1470 2895 etiamsi
1496 2835 1759 2916 impubes
1789 2839 1885 2909 sit,
1915 2835 2118 2896 libertae
2146 2838 2232 2916 ‘ff-

393 2935 634 3013 ficietur
673 2941 846 3007 tutor,
887 2931 988 2992 sed
1031 2932 1095 2990 in
1138 2929 1300 2990 nulla
1348 2949 1409 2990 re
1454 2938 1651 2990 auctor
1691 2929 1815 2988 fieri
1860 2939 2057 3011 potest,
2101 2952 2227 2991 cum

409 3030 518 3108 ipsi
571 3027 714 3086 nihil
764 3028 1102 3106 permissum
1150 3027 1220 3084 sit
1257 3027 1382 3084 sine
1429 3026 1625 3083 tutoris
1676 3027 2001 3084 auctoritate
2046 3045 2223 3105 agere.

417 3129 581 3180 180.
615 3121 754 3178 Item
795 3121 842 3176 si
882 3139 996 3198 qua
1035 3119 1092 3174 in
1130 3116 1303 3176 tutela
1340 3116 1591 3198 legitima
1625 3116 1823 3176 furiosi
1854 3125 1952 3175 aut
1975 3121 2103 3176 muti
2128 3121 2223 3192 sit,

413 3215 758 3295 permittitur
797 3214 849 3271 ei
892 3211 1413 3284 senatusconsulto,
1450 3210 1592 3270 dotis
1630 3211 2021 3270 constituendae
2054 3215 2224 3294 gratia

412 3318 655 3370 tutorem
685 3317 894 3389 petere.
934 3316 1096 3368 181.
1129 3306 1348 3379 Quibus
1380 3305 1605 3367 casibus
1644 3303 1856 3368 salvam
1892 3326 2103 3367 manere
2138 3317 2223 3368 tu-
