2292 3684
221 146 375 221 just.
404 178 550 219 uus-r.
594 180 646 219 1..
682 179 761 231 ιν,
800 176 851 219 τ.
886 177 1009 219 uu.
1054 178 1126 219 na
1154 180 1464 223 nonninus
1491 179 1830 223 Acnomsus.
1873 168 1980 226 645

222 292 288 341 1.
329 280 487 340 Noxa
516 288 707 339 autem
734 288 817 339 est
845 298 1047 359 corpus
1076 281 1227 363 quod
1265 284 1487 353 nocuit,
1517 282 1576 343 id
1607 292 1720 357 est,
1749 304 1975 356 servum

128 376 337 448 noxis,
364 374 556 455 ipsum
580 372 955 447 maleficium,
972 372 1144 435 veluti
1165 374 1407 449 furtum,
1431 374 1705 437 damnum
1717 380 1971 461 ²‚rapina

132 468 373 547 injuria.

208 568 277 619 t.
312 558 547 618 Summa
572 564 762 619 autem
784 560 1005 618 ratione
1032 560 1374 639 permissum
1396 569 1478 621 est
1507 580 1666 622 noxae
1695 559 1974 625 deditione

124 650 401 735 desuugh
462 671 713 733 namque
763 661 883 711 erat
927 650 1194 733 iniquum
1235 654 1548 734 nequitiam
1583 673 1780 715 eorum
1825 653 1978 715 ultra

120 748 388 828 ipsorum
412 764 654 828 corpora
682 745 924 806 dominis
952 744 1290 806 damnosam
1320 766 1456 807 esse.

207 850 277 902 8.
312 840 615 914 Dominus,
647 840 837 901 noxali
856 839 1069 920 judicio
1104 841 1249 899 servi
1273 842 1360 899 sui
1385 842 1616 903 nomine
1646 852 1972 921 conventus,

121 956 357 997 servum
400 937 577 999 actori
613 953 771 997 noxoe
801 934 1055 995 dedendo
1074 932 1376 1010 liberatum
1417 958 1522 1001 nec
1547 942 1739 1001 minus
1767 960 1977 1027 perpo-

118 1038 291 1091 tuum
320 1030 440 1111 ejus
470 1030 785 1090 dominium
804 1050 837 1089 a
866 1030 1097 1090 domino
1126 1031 1468 1093 transfertur
1490 1034 1570 1093 :si
1592 1041 1780 1095 autem
1814 1034 1970 1097 dam·-

120 1144 270 1185 num
301 1124 353 1184 ei
387 1126 475 1184 cui
506 1123 726 1185 deditus
754 1132 837 1183 est
864 1142 1056 1183 servus
1086 1125 1402 1185 resarcierit
1431 1128 1666 1207 quaesita
1691 1130 1934 1209 pecunia
1955 1174 1968 1197 ‚

119 1217 339 1279 auxilio
366 1218 649 1299 pra-toris,
678 1219 855 1278 invito
884 1216 1116 1277 domino
1144 1220 1596 1282 manumittetur.

208 1324 273 1375 4.
308 1312 450 1373 Sunt
478 1321 665 1373 autem
692 1314 1004 1372 constitutoe
1036 1311 1570 1389 noxales-notiones,
1607 1324 1706 1375 aut
1731 1310 1970 1395 legibus,

119 1413 225 1465 aut
264 1403 443 1467 edicto
480 1405 736 1487 praetoris
775 1427 788 1463 ε
835 1402 1088 1485 legibus,
1128 1403 1296 1463 veluti
1337 1400 1472 1465 furti
1508 1402 1634 1487 lege
1677 1404 1970 1465 duodecim

116 1497 478 1571 tabularum,
524 1497 715 1557 damni
752 1498 976 1579 injuriae
1014 1496 1135 1580 lege
1172 1496 1424 1579 Aquilia;
1466 1498 1644 1561 edicto
1679 1500 1966 1583 praetoris,

123 1590 303 1653 veluti
333 1592 677 1673 iujuriarum
707 1596 762 1649 et
794 1593 848 1649 vi
877 1589 1164 1651 bonorum
1190 1600 1507 1670 raptorum.

198 1696 267 1747 ὅ.
302 1682 501 1744 Omnis
534 1692 723 1745 autem
764 1682 979 1745 noxalis
1018 1686 1164 1743 actio
1205 1692 1376 1765 caput
1411 1688 1710 1770 sequitur:
1755 1705 1888 1747 nam
1919 1688 1968 1748 si
2022 1669 2034 1689 ⁸

116 1798 209 1839 se·-
212 1798 315 1841 vus
350 1788 478 1838 tuus
510 1779 738 1841 noxiam
767 1779 1141 1849 commiserit,
1181 1777 1496 1859 quamdiu·
1482 1799 1540 1838 m
1569 1788 1667 1839 tua
1696 1787 1966 1862 potestate

114 1876 219 1947 sit,
249 1880 437 1935 tecum
471 1880 555 1933 est
590 1873 766 1941 actim
802 1873 850 1932 si
888 1872 947 1930 in
984 1868 1214 1931 alterius
1250 1878 1582 1954 potestatem
1619 1874 1963 1955 pervenerit,
2003 1910 2012 1921 ·

114 1984 253 2027 cum
286 1962 386 2024 ino
426 1965 625 2043 incipit
667 1964 813 2023 actio
857 1982 1009 2035 esse;
1042 1970 1099 2023 at
1135 1964 1185 2024 si
1221 1964 1605 2034 manumissus
1639 1964 1836 2037 suerit,
1869 1966 1964 2025 di·-

112 2067 271 2119 recto
296 2058 419 2142 ipse
446 2066 696 2130 tenetur,
726 2064 781 2117 et
808 2056 1153 2139 extinguitur
1179 2076 1338 2120 noxae
1369 2057 1593 2118 deditio.
1627 2059 1712 2119 Ex
1739 2057 1960 2120 diverso

112 2172 346 2235 quoque
388 2152 599 2213 directa
644 2154 788 2211 actio
836 2151 1056 2215 noxalis
1102 2171 1223 2213 esse
1271 2152 1512 2237 incipit:
1550 2173 1685 2211 nam
1730 2155 1776 2213 si
1815 2153 1964 2218 liber

112 2244 293 2307 homo
325 2246 557 2306 noxiam
591 2244 966 2319 commiserit,
998 2252 1051 2303 et
1078 2245 1125 2302 is
1155 2263 1346 2303 servus
1387 2253 1515 2305 tuus
1554 2266 1674 2305 esse
1711 2249 1958 2328 coeperit,

113 2339 273 2427 quod
316 2337 657 2421 quibusdam
700 2336 925 2399 casibus
969 2338 1117 2397 effici
1163 2340 1348 2423 primo
1392 2337 1544 2400 libro
1589 2340 1956 2415 tradidimus,
2026 2415 2034 2421 „

112 2434 321 2515 incipit
348 2443 531 2493 tecum
560 2451 681 2493 esse
710 2430 927 2493 noxalis
955 2434 1125 2506 actio,
1159 2452 1281 2519 quoe
1309 2438 1478 2495 antea
1504 2433 1714 2495 directa
1743 2434 1954 2495 suisset.

195 2725 263 2776 8.
296 2712 357 2773 Si
401 2732 591 2773 servus
636 2712 867 2787 domiuo
920 2713 1150 2773 noxiam
1199 2713 1572 2785 commiserit,
1609 2714 1756 2775 actio
1798 2712 1958 2777 nulla

113 2811 368 2869 nascitur
404 2830 415 2865 :
449 2828 697 2889 namque
725 2808 872 2867 inter
898 2806 1196 2868 dominum
1224 2814 1280 2867 et
1306 2826 1438 2869 eum
1465 2808 1564 2891 qui
1592 2809 1654 2879 in
1683 2815 1954 2889 potestate

111 2904 235 2981 ejus
277 2908 391 2971 est,
432 2898 591 2959 nulla
631 2898 904 2980 obligatio
951 2900 1107 2959 nasci
1151 2906 1360 2979 potem
1404 2900 1674 2983 ideoque,
1715 2909 1770 2963 et
1804 2903 1853 2961 si
1895 2903 1952 2962 in

112 2994 364 3053 alienam
410 2999 743 3072 potestatem
789 3011 981 3051 servus
1026 2993 1370 3072 pervenerit,
1419 3001 1518 3053 aut
1568 2993 1953 3071 manumissus

112 3086 311 3161 suerit,
341 3106 527 3168 neque
563 3104 695 3146 cum
726 3087 877 3166 ipso,
910 3106 1097 3167 neque
1124 3106 1258 3147 cnm
1285 3088 1542 3167 ancujus
1570 3106 1726 3149 nunc
1752 3090 1813 3148 in
1842 3111 1952 3171 po-

108 3189 307 3243 testate
341 3181 441 3253 sit,
474 3181 566 3263 agi
592 3187 790 3261 potest.
826 3178 1007 3252 Unde,
1038 3180 1087 3239 si
1114 3178 1334 3239 alienus
1363 3199 1558 3240 servus
1590 3182 1818 3243 noxiam
1847 3181 1950 3241 tibi

108 3275 487 3346 commiserit,
516 3274 647 3333 etis
674 3277 873 3353 postes
898 3273 959 3332 in
988 3280 1262 3353 potestate
1289 3280 1389 3333 tua
1414 3291 1536 3333 esse
1563 3276 1822 3357 coeperit,
1851 3275 1948 3335 in-

109 3366 325 3430 tercidit
350 3368 527 3439 actio,
559 3367 694 3447 quia
720 3366 783 3424 in
811 3385 943 3426 eum
963 3386 1162 3427 casum
1187 3364 1427 3427 deducta
1454 3368 1552 3440 sit,
1578 3368 1638 3425 in
1667 3385 1782 3449 quo
1810 3386 1947 3427 con·
