2292 3684
418 71 563 115 msr.
597 70 739 113 ms‘r.
780 71 833 111 ι..
864 69 941 123 ιν,
967 68 1023 111 r.
1051 68 1135 111 vt.
1165 66 1238 113 nt
1261 66 1614 111 Amtomaus.
1832 58 1937 111 595

75 173 307 253 petitor
342 192 517 251 quam
551 171 909 245 dodrantem,
941 178 1109 252 atque
1146 168 1274 231 idco
1314 168 1438 251 lege
1469 169 1718 231 Falcidia
1755 170 1936 254 legata

80 263 527 327 minuebantur.

170 357 314 419 Plus
334 364 535 421 ‘autem
568 366 812 440 quatuor
838 358 1019 421 modis
1057 360 1301 439 potitur:
1334 374 1428 431 re,
1461 363 1743 437 tompore,
1779 356 1936 439 loco,

82 473 289 515 cama.

168 548 292 620 Re,
326 546 497 609 veluti
523 551 571 608 ai
601 550 726 629 quic
755 569 861 629 pro
891 548 1085 609 decem
1112 548 1298 607 aureis
1333 548 1429 627 qui
1473 550 1524 605 ei
1549 547 1937 622 debebantur,

82 643 297 723 viginti
330 643 584 721 petierit;
610 651 709 701 aut
730 643 779 703 si
804 644 853 703 ia
878 644 1041 722 cujus
1068 660 1137 703 ex
1165 649 1326 729 parto
1355 660 1443 700 rea
1464 650 1544 703 eat
1561 686 1577 715 ,
1609 650 1786 704 totam
1812 662 1942 705 eam

80 736 173 797 rel
204 739 435 813 majore
467 755 535 797 cx
563 746 725 817 parte
748 756 913 795 suam
942 754 1063 795 esse
1089 733 1410 795 intenderit.

165 832 491 911 Tempore,
524 830 693 891 veluti
720 833 770 891 ai
798 834 925 913 quis
950 838 1079 891 ante
1108 829 1256 891 diem
1285 828 1374 889 vel
1401 838 1532 891 anto
1563 830 1944 899 conditionem

83 925 369 1005 petierit:
402 944 515 1004 qua
545 926 763 983 rationo
791 926 943 984 enim
972 924 1069 1003 qui
1099 924 1312 983 tardius
1343 922 1698 1003 solvitquam
1731 924 1944 985 solvere

81 1016 364 1090 deberet,
396 1019 584 1077 minua
614 1016 828 1077 solvere
846 1016 1203 1097 intelligitur,
1229 1015 1426 1077 eadem
1447 1019 1666 1077 ratione
1685 1020 1780 1098 qui
1797 1036 1944 1099 pro-

82 1120 325 1171 matnre
354 1112 519 1190 petit,
550 1108 679 1190 plus
706 1119 896 1190 petere
920 1109 1155 1169 videtur.

166 1207 329 1267 Loco
356 1200 485 1285 plus
514 1206 742 1283 petitur,
764 1202 934 1263 veluti
961 1222 1089 1263 cum
1118 1203 1248 1282 quia
1269 1200 1326 1260 id
1347 1202 1498 1281 quod
1517 1211 1668 1263 corto
1696 1178 1818 1264 loco
1835 1206 1943 1265 sibi

88 1298 405 1381 stipulatus
432 1307 542 1371 eut,
576 1296 691 1357 alio
718 1296 841 1357 loco
869 1299 1035 1378 petit,
1071 1297 1194 1355 sine
1232 1298 1766 1357 commemoratione
1793 1296 1944 1358 illius

86 1394 246 1454 loci
228 1412 297 1453 m
342 1411 454 1471 quo
494 1390 603 1449 sibi
634 1390 758 1450 dari
794 1388 1089 1469 stipulatus
1126 1388 1344 1447 suerit:
1384 1388 1544 1448 verbi
1577 1392 1788 1471 gratia,
1821 1395 1868 1449 si
1897 1395 1946 1451 is

86 1488 185 1567 qui
204 1489 291 1544 ita
308 1482 605 1563 stipulatus
626 1482 821 1542 fuerit.
844 1482 1041 1542 Ernst
1063 1498 1200 1541 namt
1213 1480 1478 1542 sromnzs?
1493 1484 1684 1543 Romae
1701 1504 1843 1564 pure
1857 1487 1946 1543 in-

93 1579 295 1639 tendat
316 1574 428 1636 sihi
450 1577 570 1636 dari
592 1586 873 1657 oportere.
889 1575 1017 1635 Ideo
1034 1582 1221 1633 autem
1249 1548 1390 1654 plus
1391 1583 1578 1686 petere
1596 1577 1946 1658 intelligitur,

98 1677 239 1756 quia
268 1672 569 1732 utilitatem
600 1693 773 1753 quam
796 1670 1001 1731 habuit
1027 1672 1344 1751 promissor
1369 1672 1418 1729 ai
1443 1669 1652 1751 Ephesi
1681 1672 1946 1745 solveret,

97 1767 305 1828 adimit
334 1768 389 1825 ei
424 1785 567 1845 pura
597 1767 925 1826 intentione.
952 1764 1189 1844 Propter
1217 1784 1390 1843 quam
1419 1783 1649 1824 causam
1678 1762 1788 1825 alio
1823 1766 1948 1827 loco

103 1862 319 1941 petenti
373 1860 677 1918 arbitraria
715 1861 858 1918 actio
895 1859 1264 1938 proponitur,
1305 1859 1365 1915 in
1411 1877 1522 1937 qua
1555 1857 1763 1918 scilicet
1806 1863 1950 1920 ratio

97 1953 355 2013 habetur
394 1952 648 2011 utilitatis
684 1971 809 2032 quae
849 1950 1182 2031 promissori
1219 1952 1592 2031 competitura
1627 1950 1858 2024 fuisset,
1905 1956 1956 2013 si

96 2045 203 2105 illo
252 2044 383 2104 loco
426 2042 664 2111 solveret
703 2066 715 2100 :
760 2063 883 2123 quoe
932 2041 1144 2102 utilitas
1189 2041 1527 2124 plerumque
1571 2046 1632 2104 in
1672 2040 1953 2108 mercibus

102 2140 367 2201 maxima
392 2140 695 2206 invenitur,
726 2136 900 2197 veluti
934 2140 1100 2207 vino,
1131 2135 1290 2211 oleo,
1322 2136 1638 2209 frumento,
1681 2159 1802 2220 quae
1848 2159 1954 2221 por

102 2230 369 2311 singulas
409 2232 666 2311 regiones
708 2229 927 2290 diversa
968 2227 1182 2288 habent
1221 2229 1566 2308 pretia„sed
1601 2239 1656 2289 et
1702 2235 1950 2313 pecuniae

101 2331 427 2383 numeratae
462 2343 579 2383 non
616 2325 677 2382 in
718 2321 985 2382 omnibus
1019 2322 1348 2403 regionibus
1384 2321 1491 2381 sub
1525 2323 1724 2383 iisdem
1767 2328 1954 2387 usuris

104 2419 487 2478 soenerantur.
526 2418 595 2477 Si
615 2419 741 2498 quis
779 2426 969 2477 tamen
1012 2415 1220 2496 Ephesi
1264 2424 1443 2497 petat,
1473 2416 1532 2475 id
1577 2426 1690 2490 est,
1731 2438 1798 2479 eo
1832 2418 1954 2481 loco

106 2521 275 2595 petat
306 2530 421 2592 quo
458 2520 516 2571 ut
553 2507 662 2569 sihi
692 2510 855 2569 detur
886 2508 1186 2589 stipulatus
1227 2518 1336 2584 cat,
1370 2530 1516 2589 pura
1551 2514 1767 2572 actione
1809 2522 1959 2577 recte

108 2610 267 2687 agiu
313 2605 484 2686 idque
520 2608 691 2666 etiam
732 2616 941 2686 proetor
975 2613 1282 2677 monstrat,
1326 2604 1535 2665 scilicet
1564 2609 1714 2689 quia
1746 2608 1957 2671 utilitas

112 2697 374 2758 solvendi
394 2697 549 2759 salva
578 2708 659 2759 est
687 2698 1033 2779 promissori.

198 2790 349 2849 Huic
387 2799 578 2849 autem
608 2792 707 2870 qni
734 2790 859 2851 loco
897 2788 1028 2870 plus
1061 2798 1254 2869 petere
1287 2788 1640 2871 intelligitur,
1671 2795 1960 2873 proximus

112 2893 199 2945 est
224 2886 277 2945 is
304 2885 407 2965 qui
433 2903 602 2945 caan
628 2885 757 2965 plus
784 2886 923 2964 petit
956 2906 970 2942 ε
1002 2893 1067 2943 ut
1090 2903 1246 2957 ecce,
1279 2885 1326 2945 ai
1355 2886 1482 2964 quis
1517 2886 1598 2945 ita
1630 2906 1665 2945 a
1691 2896 1744 2947 te
1771 2889 1958 2968 stipu-

110 2976 265 3037 letur
296 2999 309 3035 ε
350 2995 599 3039 nomn!
636 2977 873 3039 Sncamt
899 2995 999 3037 am·
1040 2994 1220 3037 unctu
1261 2994 1462 3037 auaaos
1503 2995 1642 3037 naas
1677 2977 1908 3045 'sroanaa
1927 2980 1958 3041 ⁴?

117 3070 323 3131 deinde
349 3071 688 3131 alterutrum
710 3078 889 3152 petat,
920 3069 1097 3129 veluti
1120 3070 1412 3131 hominem
1445 3078 1663 3133 tantum
1687 3118 1701 3145 ‚
1733 3083 1830 3137 aut
1856 3074 1962 3135 do-

116 3184 241 3225 cem
284 3185 493 3227 aureos
532 3174 770 3225 tantum.
804 3164 933 3225 Ideo
970 3174 1162 3226 autem
1197 3165 1326 3246 plus
1369 3174 1562 3244 petere
1597 3166 1953 3249 intelligitur.

118 3260 253 3338 quia
296 3259 357 3317 in
394 3279 461 3319 co
516 3278 721 3340 genere
770 3256 1150 3339 stipulationis
1198 3260 1562 3338 promissoris
1605 3268 1688 3324 est
1733 3259 1955 3333 electio,
