2292 3684
382 126 533 173 mer.
563 126 711 172 εκεῖ.
748 128 803 170 1..
836 126 905 187 ιι,
932 126 987 171 r.
1015 130 1057 171 ι.
1097 130 1172 171 nn
1195 128 1480 172 mustene
1505 130 1714 173 nuncu.
1866 114 1970 173 m

219 240 335 291 ⁸8.
360 229 527 303 Quod
561 231 609 291 si
637 228 889 290 naturali
916 228 1072 291 alveo
1096 230 1160 289 iu
1187 232 1512 291 universum
1539 228 1828 304 derelicto,
1862 230 1976 292 alia

134 334 303 406 parte
334 324 511 384 fluere
545 324 804 405 emperit,
841 326 998 405 prior
1034 322 1263 405 quidem
1299 320 1487 383 alveus
1525 344 1720 385 eorum
1757 334 1842 385 est
1878 328 1976 406 qui

132 438 319 499 prope
342 421 531 500 ripam
552 420 675 499 ejus
700 417 911 499 prtetlia
936 417 1252 498 possident,
1285 436 1392 498 pro
1421 417 1588 477 modo
1616 418 1826 479 scilicet
1850 417 1977 477 lati-

132 513 355 573 tudiuis
379 514 655 593 cujusque
672 513 817 593 agri,
841 531 965 592 quae
985 510 1221 571 latitudo
1247 530 1431 593 prope
1451 514 1638 591 ripam
1663 514 1764 583 sit:
1797 529 1976 571 novus

136 614 339 665 autem
372 604 565 666 alveus
598 608 721 686 ejus
749 605 899 687 juris
935 622 1055 665 esse
1088 604 1318 686 incipit,
1359 605 1522 686 cujus
1563 612 1618 665 et
1651 606 1841 685 ipsum
1875 604 1979 665 flu·

136 718 309 771 men,
352 696 415 757 id
462 706 545 758 est
591 696 871 780 publicus.
913 696 1073 768 Quod
1111 698 1160 756 ai
1201 705 1330 779 post
1369 694 1598 779 aliquod
1644 705 1868 779 tempus
1907 696 1980 757 ad

139 793 435 873 priorem
446 790 669 852 alveum
713 810 997 851 reversum
1048 788 1220 851 fuerit
1263 788 1504 863 flumen,
1556 811 1751 851 rursus
1799 810 1980 851 novus

142 886 339 946 alveus
379 906 577 951 eorum
620 906 740 949 esse
776 888 975 967 incipit
1015 887 1113 967 qui
1155 906 1336 969 prope
1377 887 1562 966 ripam
1606 888 1728 965 ejus
1772 885 1984 967 proedia

142 979 459 1061 possident.

222 1366 345 1416 24.
387 1344 515 1413 Alia
541 1373 677 1413 sane
703 1372 873 1412 causa
901 1361 1013 1427 est,
1046 1354 1094 1413 si
1131 1353 1292 1433 cujus
1328 1359 1475 1412 totus
1510 1372 1645 1433 ager
1681 1348 1984 1416 inundatus

136 1450 322 1509 fuerit
348 1472 361 1507 :
394 1469 579 1529 neque
608 1449 758 1507 enim
782 1446 1076 1507 inundatio
1105 1446 1268 1506 fundi
1296 1449 1540 1529 speciem
1569 1457 1902 1521 commutat3
1933 1460 1988 1509 et

135 1544 217 1603 ob
246 1542 339 1617 id,
362 1544 409 1602 si
434 1542 723 1602 recesserit
750 1562 928 1624 aqua,
960 1538 1155 1624 palam
1181 1548 1263 1601 est
1291 1561 1419 1601 eum
1447 1535 1688 1602 fundum
1718 1544 1840 1623 ejus
1862 1563 1986 1603 ma-

138 1658 285 1697 nere
312 1637 478 1717 cujus
506 1646 561 1697 et
587 1636 715 1697 fuit.

228 1742 353 1793 25.
382 1732 529 1792 Cum
556 1752 625 1791 ex
654 1730 839 1791 aliena
875 1728 1113 1791 materia
1146 1733 1360 1813 species
1397 1726 1594 1811 aliqua
1621 1728 1774 1791 facta
1807 1733 1880 1791 ait
1915 1730 1992 1791 ab

144 1824 373 1906 aliquo,
402 1823 583 1905 quaeri
619 1822 759 1885 solet
795 1826 921 1904 quis
957 1844 1158 1885 eorum
1191 1823 1440 1883 naturali
1473 1827 1692 1885 ratione
1729 1824 1998 1885 domiuus

143 1919 251 1989 sit,
289 1928 485 1977 utrum
519 1918 570 1975 is
608 1918 709 1997 qui
744 1914 965 1988 feeerit,
994 1936 1069 1975 au
1110 1916 1214 1977 illc
1245 1918 1436 1997 potius
1465 1920 1562 1998 qui
1597 1919 1846 1977 materiae
1887 1916 1998 1977 do·

136 2014 341 2069 minus
370 2008 543 2069 fuerit
564 2028 584 2065 ε
614 2016 675 2069 ut
698 2028 852 2082 ecce,
885 2010 933 2069 si
962 2012 1086 2090 quis
1116 2028 1184 2069 ex
1213 2008 1410 2069 alienis
1441 2012 1560 2069 uvis
1589 2019 1686 2071 aut
1715 2010 1874 2071 olivis
1897 2016 1994 2071 aut

134 2106 317 2186 spicia
362 2104 560 2162 vinum
597 2112 694 2162 aut
735 2101 923 2163 oleum
971 2114 1069 2163 aut
1113 2102 1464 2165 frumentum
1507 2102 1730 2175 fecerit,
1782 2114 1879 2165 aut
1925 2124 1990 2165 cx

136 2198 337 2257 alieno
368 2216 509 2255 auro
538 2196 627 2255 vel
655 2206 888 2278 argento
918 2196 1005 2255 vel
1032 2217 1139 2257 aere
1167 2218 1264 2257 vas
1292 2197 1518 2279 aliquod
1549 2198 1766 2271 fecerit,
1813 2198 1898 2259 vel
1927 2220 1996 2259 ex

137 2291 339 2351 alieno
376 2290 510 2348 vino
549 2298 603 2348 et
645 2289 813 2349 melle
856 2288 1105 2349 mulsum
1142 2292 1454 2361 miscuerit,
1495 2290 1584 2350 vel
1627 2311 1693 2351 ex
1741 2292 1994 2351 medica-

136 2386 361 2445 mentis
394 2382 593 2442 alienis
617 2382 989 2463 emplastrum
1017 2393 1113 2443 aut
1143 2382 1440 2463 collyrium
1468 2387 1875 2465 composuerit,
1910 2385 1998 2445 vel

141 2502 215 2541 ex
252 2478 447 2538 aliena
486 2476 618 2536 lana
652 2480 1048 2537 vestimentum
1092 2477 1310 2550 fecerit,
1345 2477 1432 2537 vel
1461 2499 1530 2538 ex
1558 2478 1757 2539 alienis
1794 2479 1998 2539 tabulis

139 2592 359 2632 navem
393 2569 482 2630 vel
518 2572 827 2631 armarium
874 2570 961 2630 vel
997 2569 1329 2630 subsellium
1364 2570 1742 2633 fabricaverit.
1779 2574 1848 2631 Et
1873 2580 2000 2653 post

139 2666 361 2727 multas
392 2662 833 2725 Sabinianorum
860 2674 915 2728 et
936 2664 1435 2725 Proculeianorum
1459 2665 1854 2748 ambiguitates
1880 2665 2000 2747 pla-

138 2764 265 2822 cuit
300 2759 493 2819 media
525 2759 801 2818 sententia
839 2754 1308 2829 existimantium,
1342 2761 1388 2817 si
1427 2780 1494 2819 ea
1529 2762 1740 2841 species
1776 2760 1845 2819 ad
1875 2780 1996 2819 ma-

140 2856 355 2913 teriam
386 2852 580 2911 reduci
616 2854 821 2933 posait,
854 2872 985 2911 eum
1022 2850 1198 2911 videri
1238 2851 1532 2911 dominum
1573 2872 1718 2925 esse,
1752 2854 1849 2933 qui
1877 2872 2000 2911 ma-

146 2949 305 3006 teriae
350 2944 622 3004 dominus
664 2944 863 3015 fuerit3
912 2946 958 3003 si
997 2964 1112 3003 non
1157 2946 1333 3025 possit
1373 2944 1600 3016 reduci,
1645 2966 1772 3004 eum
1817 2948 2000 3024 potius

147 3038 397 3120 intelligi
440 3038 769 3109 dominum,
810 3039 908 3117 qui
953 3037 1147 3097 fecerit
1198 3060 1210 3095 :
1261 3048 1323 3097 ut
1360 3058 1512 3110 ecce,
1556 3058 1652 3097 vas
1699 3040 2003 3099 conflatum

150 3140 339 3214 potest
368 3130 445 3191 ad
486 3130 685 3191 rudem
714 3150 963 3191 massam
992 3132 1117 3190 aeris
1147 3129 1234 3190 vel
1262 3132 1486 3212 argenti
1512 3130 1598 3191 vel
1625 3134 1748 3190 auri
1777 3132 1999 3203 reduci3

148 3231 353 3289 vinum
392 3237 589 3287 autem
626 3235 723 3286 aut
756 3225 947 3287 oleum
976 3234 1075 3285 aut
1108 3224 1460 3285 frumentum
1487 3225 1558 3284 ad
1589 3244 1722 3285 uvas
1751 3234 1806 3283 et
1831 3226 2005 3293 olivas

148 3332 203 3383 et
240 3326 439 3405 spicas
482 3321 685 3383 reverti
730 3340 846 3381 non
892 3328 1105 3401 potest,
1152 3340 1220 3381 ac
1259 3338 1335 3381 ue·
1374 3319 1622 3381 mulsum
1664 3318 1893 3399 quidem
1935 3316 2008 3377 ad
