2292 3684
149 158 304 203 ποετ.
332 159 486 202 msr.
525 159 578 200 ι.
611 160 654 214 1,
693 159 748 200 τ.
779 158 874 200 xn-
919 157 1070 206 oms.
1096 159 1228 200 uon.
1256 160 1349 200 ms
1371 159 1595 202 POTSST.
1628 160 1844 204 soum.
1885 148 1955 205 77

262 1823 388 1884 Trr.
435 1821 555 1882 ΧΠ.
629 1822 823 1894 Qunms
861 1840 1022 1882 uoms
1061 1841 1149 1883 sus
1187 1840 1487 1883 roms-rans
1526 1839 1790 1884 summm.

181 1952 499 2012 Videamus
526 1969 681 2010 nunc
699 1949 904 2030 quibus
924 1951 1106 2010 m'odis
1128 1953 1170 2010 ii
1200 1953 1297 2032 qui
1318 1949 1504 2012 alieno
1526 1953 1645 2033 juri
1673 1959 1805 2011 sunt
1824 1951 1955 2010 sub-

101 2045 259 2124 jecti,
291 2065 364 2108 eo
384 2047 522 2127 jure
543 2042 874 2104 liberantur.

186 2327 259 2387 Et
303 2325 542 2410 quidem
589 2327 731 2386 servi
771 2323 1251 2405 quemadmodum
1298 2332 1572 2406 potestate
1609 2325 1954 2399 liberantur,

108 2443 174 2482 ex
199 2423 272 2482 iis
299 2420 624 2503 intelligere
665 2439 964 2500 possumus
1004 2439 1132 2501 quoe
1172 2417 1241 2478 de
1284 2421 1459 2480 servis
1495 2420 1958 2481 manumittendis

109 2515 378 2596 superius
409 2515 795 2594 exposuimus.
1510 2594 1515 2598 ·

184 2609 259 2666 Hi
288 2626 431 2667 vero
459 2609 558 2688 qui
590 2608 650 2665 in
692 2612 963 2686 potestate
998 2605 1250 2686 parentis
1295 2614 1463 2683 sunt,
1493 2614 1721 2667 mortuo
1760 2628 1827 2667 eo
1871 2609 1959 2667 sui

103 2702 248 2782 juris
297 2700 476 2773 fiunt3
522 2699 619 2760 sed
658 2699 766 2760 hoc
806 2698 1222 2761 distinctionem
1269 2703 1491 2784 recipit.
1542 2703 1686 2760 Nam
1733 2709 1959 2761 mortuo

109 2803 295 2874 patre,
339 2813 482 2854 sane
522 2791 850 2853 omnimodo
893 2789 996 2851 filii
1043 2793 1241 2854 filiaeve
1287 2795 1377 2854 sui
1414 2794 1562 2874 juris
1598 2793 1955 2865 efficiuntur3

109 2895 336 2946 mortuo
373 2904 510 2946 vero
551 2904 697 2965 avo,
733 2903 850 2943 non
887 2884 1217 2946 omnimodo
1260 2895 1493 2969 nepotes
1536 2897 1843 2968 neptesque
1872 2890 1960 2947 sui

109 2982 250 3062 juris
277 2981 454 3053 fiunt,
477 2979 578 3041 sed
604 2981 683 3039 ita
711 2981 759 3038 si
789 2987 914 3060 post
940 2987 1183 3042 mortem
1214 2983 1393 3075 nv‘u‘t
1424 2991 1755 3064 potestatem
1783 2985 1957 3064 patris

115 3077 198 3134 sui
217 3075 474 3136 recusuri
501 3093 619 3133 non
643 3081 794 3132 sunt.
821 3074 1036 3154 Itaque,
1063 3074 1111 3133 si
1141 3077 1417 3135 moriente
1446 3095 1551 3135 evo
1572 3083 1733 3158 peter
1760 3095 1957 3154 eoxjum

115 3177 166 3228 et
203 3170 342 3228 vivit
369 3177 422 3228 et
455 3169 518 3227 in
547 3173 879 3249 potestatem
921 3169 1099 3247 patris
1137 3171 1226 3226 sui
1262 3181 1378 3241 est,
1408 3177 1543 3228 tnnc
1572 3178 1699 3250 post
1739 3167 1958 3227 obitum

120 3263 204 3320 avi
235 3265 298 3322 in
341 3269 614 3344 potestate
645 3261 818 3342 patris
860 3264 947 3319 sui
989 3259 1150 3320 fiunt.
1184 3261 1241 3320 Si
1278 3280 1412 3320 vero
1439 3264 1519 3332 is,
1562 3281 1675 3340 quo
1703 3269 1958 3341 tempore

123 3374 254 3414 avus
275 3358 546 3426 moritur,
575 3362 673 3416 sut
692 3354 816 3434 jam
844 3363 1102 3416 mortuus
1138 3363 1250 3427 est,
1282 3362 1381 3414 aut
1416 3355 1550 3414 exiit
1584 3352 1652 3412 de
1681 3360 1958 3435 potestate
