2292 3684
303 116 407 169 88⁶
892 122 1224 168 rucuma
1257 122 1555 168 vulcam.

384 236 507 292 a.
570 276 584 291 .
636 274 649 289 .
702 274 715 289 .
763 224 947 289 aditus
986 238 1317 312 competens
1348 228 1554 310 judex,
1585 225 1946 288 considerato
1971 224 2172 287 tutele

298 323 544 405 judicio,
574 340 699 384 eam
729 322 950 384 curabit
978 322 1127 384 ferre
1159 325 1494 384 sententiam
1514 369 1531 394 ‚
1563 338 1738 403 quam
1775 322 2040 401 agnitam
2083 323 2174 382 le·

305 416 473 501 gibus
508 436 631 478 esse
666 414 990 497 providerit.
1024 414 1128 477 Pr.
1177 414 1271 479 lv.
1321 414 1436 478 kal.
1480 416 1630 497 Sept.
1679 414 2074 475 Constantino
2115 420 2172 474 et

308 510 521 572 Licinio
547 508 727 592 Augg.
760 508 827 571 11.
855 528 1044 572 conss.
1076 509 1270 593 (312.)

386 610 501 667 88.
532 602 712 686 Augg.
738 612 794 663 et
820 602 985 665 Caess.
1018 602 1240 663 Rutiliae
1266 604 1488 665 Primae.
1512 604 1796 685 Ingenuus
1825 602 2172 684 progenitos

309 699 587 757 servitutis
620 694 813 778 adfligi
846 696 1157 779 dispendiis
1195 699 1434 758 minime
1471 705 1734 778 oportere
1759 698 1940 756 etiam
1981 694 2170 756 nostri

310 791 579 871 temporis
629 789 1035 871 tranquillitate
1078 792 1366 863 sancitum
1419 810 1524 852 nec
1562 790 1669 851 sub
1718 788 1968 851 obtentu
2011 791 2168 849 inite

168 892 177 905 ⁶
310 880 647 944 venditionis
678 880 903 945 inlicitas
932 882 1075 943 dicet
1100 885 1512 966 ingenuitatem
1540 882 1798 965 infringi.
1843 884 2042 957 Quare
2063 882 2164 963 ju-

310 974 493 1035 dicem
521 984 935 1059 competentem
964 974 1119 1036 adire
1147 994 1256 1057 par
1287 987 1402 1051 est,
1434 977 1612 1057 quiin
1643 974 1870 1036 liberali
1898 996 2082 1038 causa
2103 996 2168 1037 ea

310 1069 477 1129 faciet
495 1068 771 1153 compleri
790 1088 913 1151 quie
935 1070 993 1129 iu
1012 1066 1406 1151 hujuscemodi
1426 1070 1886 1132 contentionibus
1905 1063 2167 1131 ordinari

306 1173 679 1233 consuerunt,
728 1164 1039 1226 secundum
1075 1162 1440 1245 judiciariam
1489 1162 1846 1246 disciplinam
1893 1162 2162 1246 partibus

313 1258 655 1321 audientiam
686 1260 1039 1342 proebiturnr».
1074 1258 1179 1321 Pr.
1213 1259 1352 1321 idib.
1389 1261 1532 1345 Aug.
1563 1261 1756 1321 Romae
1783 1259 2166 1321 Constantino

312 1364 369 1416 et
392 1355 608 1417 Licinio
636 1354 813 1437 Augg.
844 1354 938 1418 lv.
969 1374 1155 1417 conss.
1192 1354 1380 1437 (315.)

395 1460 513 1511 84.
548 1450 689 1532 Aug.
724 1458 778 1509 et
805 1448 968 1511 Caess.
1000 1448 1083 1512 ΡΙ.
1118 1448 1366 1534 Aprilloe.
1401 1448 1548 1512 Cum
1573 1448 1894 1531 profitearis
1921 1456 1982 1509 te
2009 1458 2170 1511 certa

314 1544 625 1623 quantitate
678 1542 1029 1625 mancipium
1088 1560 1157 1603 ex
1215 1544 1494 1624 sanguine
1545 1562 1936 1623 comparasse,
2001 1545 2170 1623 cujus

315 1636 559 1717 pretium
588 1643 641 1696 te
668 1634 967 1698 exsolvisse
1000 1636 1137 1699 dicis
1175 1644 1231 1697 et
1265 1639 1654 1699 instrumentis
1681 1656 1803 1697 esse
1827 1636 2128 1696 firmatum
2146 1681 2162 1709 ,

316 1728 425 1791 hoc
459 1752 492 1790 a
531 1728 697 1790 nobis
717 1730 840 1811 jam
870 1728 1006 1792 olini
1036 1734 1430 1814 praescriptnm
1469 1741 1578 1806 est,
1612 1731 1791 1813 quod,
1837 1732 1887 1791 si
1923 1730 2170 1792 voluerit

318 1822 562 1883 liberum
603 1842 769 1883 suum
801 1820 1117 1905 legitimum
1144 1826 1496 1905 reciperare,
1535 1832 1670 1885 tunc
1705 1826 1766 1883 in
1808 1824 1934 1903 ejus
1970 1821 2166 1885 locum

318 1916 669 1998 mancipium
701 1915 934 1977 domino
964 1916 1147 1990 daret,
1189 1928 1288 1977 aut
1323 1920 1570 1999 pretium
1599 1937 1714 1999 quo
1743 1916 2013 1979 valuisset
2049 1938 2165 1979 nu·

319 2016 577 2071 meraret.
626 2006 812 2070 Etiam
856 2028 1038 2083 nunc,
1070 2010 1120 2071 sl
1164 2030 1200 2070 a
1241 2012 1356 2071 suis
1402 2011 1731 2093 parentibus
1781 2020 1936 2073 certo
1981 2014 2164 2093 pretio

322 2104 679 2184 comparasti,
708 2102 803 2185 jus
831 2101 1068 2164 dominii
1095 2107 1150 2165 te
1177 2104 1468 2186 possidere
1495 2107 1902 2167 existimamus.
1934 2106 2164 2166 Nullum

320 2205 507 2256 autem
532 2216 601 2257 ex
616 2192 925 2279 gentilibus
942 2194 1191 2257 liberum
1207 2196 1518 2281 adprobari
1530 2198 1675 2260 licet.
1692 2199 2022 2280 subscripta
2041 2200 2159 2261 ΧΠ.

322 2289 433 2351 kal.
472 2289 615 2371 Aug.
650 2288 1022 2351 Constantino
1050 2288 1193 2375 Aug.
1227 2292 1319 2353 m.
1353 2312 1510 2355 conr».
1549 2292 1738 2371 (313.)

405 2388 518 2443 85.
555 2380 709 2463 nug.
740 2391 795 2443 et
830 2383 998 2444 Caess.
1042 2380 1214 2445 Nulla
1249 2384 1600 2447 verecundiae
1635 2385 1726 2447 vel
1760 2388 1967 2469 quietis
2005 2406 2169 2449 mora

310 2464 409 2534 ‘vel
450 2474 704 2557 quolibet
746 2474 1046 2537 intervallo
1088 2478 1392 2539 cunctandi
1433 2480 1678 2560 passim,
1721 2499 1879 2542 nunc
1921 2480 2163 2563 singuli,

323 2568 491 2629 modo
520 2564 737 2650 populi,
762 2578 1099 2651 proruentes
1124 2571 1190 2629 in
1215 2580 1440 2631 nostros
1465 2571 1718 2644 obtutus,
1745 2575 1826 2634 sic
1853 2573 2165 2635 uniformes

324 2658 583 2745 querelas
610 2660 810 2724 iisdem
838 2662 958 2724 fere
984 2665 1552 2727 sermocinationibus
1579 2665 1943 2740 volutarunt,
1975 2677 2040 2729 ut
2063 2688 2160 2729 nec

322 2753 807 2841 interpellantium
838 2756 1154 2818 credulitati
1197 2757 1408 2819 valeret
1439 2761 1689 2833 occurri,
1731 2780 1835 2822 nec
1869 2760 2154 2847 allegatio-

324 2868 466 2911 num
506 2849 749 2933 qualitas
780 2850 1055 2933 disparari
1071 2898 1086 2925 ‚
1127 2869 1336 2933 pareus
1363 2854 1656 2915 carissime
1683 2862 1852 2936 atque
1887 2858 2156 2917 amantis-

325 2944 482 3005 sime.
522 2942 654 3004 Pari
691 2943 972 3025 siquidem
1018 2943 1279 3027 exemplo
1325 2946 1828 3008 vociferationibus
1875 2950 2152 3023 consules,

326 3034 715 3097 multitudines
743 3046 1138 3098 memorarunt
1165 3056 1279 3098 non
1303 3040 1458 3120 juste
1485 3060 1578 3101 res
1605 3060 1737 3101 suas
1765 3060 1888 3101 esse
1914 3040 2160 3104 divendi-

324 3138 429 3201 tas,
462 3130 587 3191 aliis
615 3131 1034 3211 possidentibus
1061 3152 1122 3193 se
1151 3131 1363 3194 fiscalia
1389 3132 1548 3194 luere
1567 3180 1582 3205 ,
1615 3134 1898 3217 frequenti
1923 3134 2162 3219 deniquo

324 3221 713 3283 obsecratione
780 3222 965 3283 delata
1032 3222 1346 3286 remedium
1399 3228 1754 3307 cupiverunt.
1815 3228 1918 3287 His
1968 3247 2160 3290 sumus

320 3312 486 3374 valde
510 3316 779 3394 permoti,
810 3324 1067 3377 verentes
1097 3338 1171 3378 ne
1200 3317 1440 3398 alicujus
1468 3316 1866 3382 calliditatibus
1900 3320 2160 3385 adversa-
