2292 3684
660 116 737 157 nx
775 118 959 159 numo
997 118 1067 159 ar
1106 118 1374 159 vairano.
1839 106 1980 161 889·

88 232 299 297 qorum
348 216 418 276 in
468 220 800 279 annonario
852 217 1023 282 titulo
1074 221 1343 280 ceterisve
1394 216 1690 279 fiscalibus
1744 218 1948 282 debitis

90 310 232 369 luxu
291 328 357 368 ae
412 312 732 391 nequitia.
781 356 797 373 .
848 356 865 374 .
914 311 1107 372 fundis
1159 320 1327 393 atque
1389 314 1690 395 mancipiis
1744 313 1832 373 vel
1884 316 1945 372 in

21 428 26 437 ·
91 402 545 487 quibuscumque
588 406 919 485 corporibus
973 406 1079 467 sub
1126 408 1392 467 auctione
1451 405 1732 469 licitanda
1774 415 1942 480 sunt,

68 497 226 576 fisco
267 506 497 557 auctore
541 498 887 571 vendantur,
936 508 991 560 et
1040 508 1102 559 ut
1151 509 1424 580 perpetuo
1465 518 1647 581 penes
1695 519 1787 562 eos
1828 503 1952 562 sint

75 594 225 673 jure
251 591 524 663 dominii,
558 593 764 674 quibus
788 612 881 653 res
910 593 1313 677 hujuscemodi
1340 593 1448 653 suh
1475 594 1658 655 hastae
1677 594 1948 655 solemnis
1991 584 1996 591 ’

88 685 339 747 arbitrio
390 684 559 747 fiscm
612 686 912 748 addixerit
960 730 1940 749 .................

87 777 153 834 in
182 774 273 836 his
298 776 478 835 utitur
502 774 839 851 venditoris,
872 796 997 857 quoe
1026 776 1103 837 ob
1130 776 1169 836 d
1214 820 1937 840 ............

88 869 151 948 gi
190 865 279 926 vel
320 869 601 948 permissu
632 867 893 949 judicum
934 867 1115 929 distra
1154 910 2000 939 ..............

90 959 480 1033 emolumenta
506 960 679 1022 malle
708 982 881 1043 quam
912 962 1104 1023 debita
1151 1005 1936 1023 .............

94 1074 273 1135 penes
301 1054 553 1136 perditos
580 1064 853 1115 maneant
880 1055 970 1115 sib
1016 1097 1940 1119 ...............

90 1167 231 1206 nere
258 1154 655 1207 contractuum
692 1149 1226 1229 tergiversationum
1269 1189 1936 1207 ...........

88 1242 572 1321 interpretationis
597 1240 834 1301 insidias
862 1242 1193 1322 pertimesce
1232 1281 1938 1301 ............

90 1334 223 1395 talis
252 1337 549 1395 accesserit
576 1338 913 1417 ignavorum
957 1376 1939 1397 ................

91 1428 131 1487 d
161 1447 414 1509 unquam
445 1427 721 1508 quotiaco
751 1426 902 1487 facta
938 1426 1186 1487 venditio
1225 1434 1306 1487 est
1348 1471 1362 1485 .
1411 1471 1425 1486 .
1479 1472 1492 1485 .
1547 1470 1560 1482 .
1614 1470 1627 1485 .
1673 1469 1687 1485 .
1739 1470 1753 1485 .
1799 1468 1812 1483 .
1861 1468 1876 1483 .
1923 1466 1938 1483 .

90 1520 163 1578 iis
202 1539 327 1599 quoe
363 1528 565 1579 contra
611 1516 911 1579 utilitatem
948 1520 1236 1600 provision
1281 1562 1939 1579 ...........

90 1614 390 1694 magisque
417 1612 697 1694 obreptivi
736 1614 1038 1695 praerogati
1084 1652 1935 1675 ..............

90 1706 276 1781 latur,
306 1726 437 1767 cum
466 1706 583 1767 hoec
612 1710 683 1767 sit
710 1708 1013 1767 commissa
1046 1725 1105 1791 βο
1134 1725 1166 1765 e
1208 1751 1224 1766 .
1275 1751 1290 1766 .
1337 1751 1350 1766 .
1404 1748 1420 1765 .
1470 1751 1486 1767 .
1533 1704 1546 1764 ;
1595 1747 1934 1764 ......

90 1810 266 1883 atque
305 1799 593 1863 luxuriam
640 1801 787 1862 ferre
836 1800 1111 1862 debemus
1152 1840 1935 1863 .............

90 1898 321 1955 Lucana
348 1895 555 1975 saepius
588 1896 721 1953 vina
748 1893 941 1954 rodem
987 1932 1930 1956 ...............

93 2008 200 2068 per
227 2007 493 2047 somnum
530 1994 585 2047 et
624 1985 819 2069 gulam
862 1994 1031 2067 atque
1069 1984 1365 2046 lasciviam
1408 2024 1934 2044 .........

91 2080 341 2140 alienare
370 2078 509 2139 veile
546 2098 651 2140 nec
691 2098 859 2159 posse
895 2076 1101 2138 defend
1142 2116 1934 2138 ..............

92 2194 223 2233 mus
249 2194 371 2234 esse
397 2175 475 2232 ita
502 2179 681 2232 statua
710 2170 877 2232 debet
899 2189 1023 2232 esse
1049 2171 1105 2231 fe
1149 2207 1934 2231 .............

92 2266 346 2327 concedit
378 2266 558 2346 quiet
591 2266 649 2324 in
692 2264 1039 2324 satisfactio„
1073 2302 1933 2324 ..............

97 2401 894 2422 .............
941 2358 1121 2427 uitaS,
1176 2356 1289 2415 nisi
1333 2353 1571 2413 forsitan
1615 2352 1675 2411 hi
1713 2352 1939 2432 copiam

92 2496 821 2517 ............
870 2470 981 2531 que
1008 2447 1300 2529 repetendi
1326 2468 1458 2507 cum
1487 2449 1546 2505 in
1591 2446 1935 2526 praeteritum

88 2588 939 2609 ..............
987 2546 1067 2603 vis
1104 2544 1364 2603 omnium
1408 2560 1600 2601 rerum
1636 2538 1834 2599 multis
1870 2559 1938 2598 ex

91 2685 563 2703 ........
610 2658 737 2701 cum
775 2640 950 2699 etiam
976 2636 1324 2708 minoribus,
1364 2638 1418 2697 ri
1450 2632 1683 2716 quando
1726 2630 1940 2713 aliquid

90 2755 293 2797 eorum
348 2754 453 2816 pro
508 2732 793 2794 fiscalibus
858 2732 1066 2793 debitis
1118 2729 1495 2813 adjudicatur
1558 2725 1936 2808 emptoribus,

89 2829 448 2909 repetitionis
498 2826 757 2907 facultas
824 2826 885 2885 in
957 2844 1191 2885 omnem
1261 2824 1682 2904 intercipiatur·
1721 2828 1940 2881 aetatem

96 2963 966 2984 ..............
1015 2938 1050 2977 o
1090 2936 1180 2976 res
1217 2913 1474 2975 obnoxiae
1510 2910 1941 2973 necessitatibus

92 3055 679 3078 ..........
710 3020 739 3073 “.
793 3057 807 3071 .
855 3012 983 3093 piua
1014 3028 1314 3090 respexere
1340 3007 1523 3090 leges,
1557 3007 1692 3087 quia
1724 3022 1944 3085 paren-

92 3148 944 3169 ..............
994 3112 1055 3163 ut
1080 3102 1296 3164 desidia
1323 3103 1531 3162 mereri
1559 3120 1724 3182 poue
1753 3117 1936 3160 seere-

98 3248 113 3263 .
160 3204 296 3261 Dat.
337 3200 446 3261 111.
478 3218 597 3261 uon
630 3196 897 3263 Novemb.
951 3198 1113 3258 Trev.
1161 3196 1246 3257 IV.
1292 3195 1368 3256 id.
1413 3196 1548 3256 Nov.
1593 3194 1756 3256 Trev.
1804 3193 1934 3254 Ace.

96 3339 109 3354 .
168 3292 576 3355 Valentiniano
606 3290 960 3353 nobilissimo
991 3309 1170 3372 puero
1197 3298 1252 3350 et
1277 3290 1498 3351 Victore
1524 3306 1706 3437 eopse.
1744 3284 1934 3367 (369.)

1623 3386 1654 3437 0
