2292 3684
292 51 396 106 888
868 61 1220 104 ‹ruscum-A
1252 59 1550 104 vulcus.

290 163 641 244 eloquimur,
672 181 749 222 ne
774 159 917 222 sorte
944 160 1151 242 aliquis
1179 161 1440 222 venditor
1465 179 1633 222 suum
1658 178 1780 220 esse
1804 158 1959 220 dicat
1984 159 2130 241 quod

284 276 407 318 esse
434 263 657 318 constat
680 253 952 314 alienum.
988 253 1073 314 lta
1102 263 1494 334 comparator,
1529 253 1684 314 malo
1711 252 2006 314 venditore
2036 253 2129 314 de-

284 351 485 424 terior,
539 351 797 408 incuutus
838 355 895 405 et
936 345 1233 420 credulus,
1283 365 1414 406 cum
1461 343 1891 406 testificantibus
1939 347 2130 406 vicinis

288 444 484 503 omnia
510 440 710 502 debeat
738 458 1010 521 quoerere,
1031 439 1105 500 ab
1130 441 1526 500 universorum
1554 438 1953 520 disquisitione
1977 439 2134 499 dissi-

290 537 495 610 mulet,
544 535 817 616 quoniam
854 535 934 594 sic
973 543 1234 615 oporteat
1268 553 1466 614 agere,
1519 541 1582 592 ut
1611 551 1717 592 nec
1757 531 1906 592 illud
1933 532 2137 593 debeat

289 630 503 710 requiri
522 673 538 701 ,
582 625 735 708 quod
769 645 838 687 ex
875 627 1007 706 jure
1046 624 1252 686 dicitur
1302 651 1326 678 «ι
1364 627 1412 685 si
1450 645 1484 684 a
1519 624 1752 684 domino
1788 645 1883 685 res
1911 626 2136 685 vendita

288 724 380 784 sit.
417 747 443 778 n
480 721 563 780 lta
596 737 731 802 ergo
767 718 1157 779 venditionum
1193 719 1452 778 omnium
1481 726 1566 778 est
1599 718 1896 778 tractanda
1924 715 2136 794 solem-

290 817 466 888 nitas,
495 819 562 875 ut
588 813 765 874 fallax
790 811 891 872 illa
912 819 966 874 et
993 811 1356 898 fraudulenta
1383 811 1630 872 venditio
1658 815 1886 893 penitus
1914 813 2138 896 sepulta

286 907 570 990 depereat.
618 908 725 969 Cui
762 906 876 989 legi
918 905 1185 988 deinceps
1230 908 1417 967 cuncti
1459 926 1660 987 parere
1701 904 2036 980 debebunt,
2077 917 2137 967 nt

288 1003 483 1063 omnia
532 1000 789 1082 diligenti
844 1001 1349 1080 circumspectione
1403 1001 1642 1080 quaesita.
1684 1019 1788 1080 per
1837 1001 2138 1061 universas

286 1098 670 1158 successiones
698 1102 817 1155 tuto
856 1093 1191 1167 decurrant,
1237 1113 1424 1175 neque
1464 1093 1714 1176 aliquem
1750 1114 1822 1154 ex
1853 1096 2138 1175 improvi-

286 1192 479 1252 dentia
499 1209 694 1252 casum
714 1187 977 1270 malignae
997 1191 1290 1269 captiones
1311 1185 1569 1248 obruant.
1596 1187 1716 1248 Dat.
1733 1185 1820 1246 IV.
1841 1186 1961 1248 kal.
1981 1189 2130 1269 Sept.

288 1307 384 1370 ap.
428 1287 543 1347 FF.
586 1283 659 1345 ad
693 1290 1068 1344 correctorem
1105 1283 1328 1356 Piceni,
1381 1280 1660 1362 Aquileia.
1695 1280 1946 1363 Accepta
1993 1283 2131 1342 XIV.

288 1378 405 1439 kal.
440 1386 549 1439 oct.
578 1376 753 1437 Alboe.
786 1375 1160 1436 Constantino
1187 1375 1332 1457 Aug.
1365 1374 1462 1436 111.
1491 1394 1674 1435 conss.
1713 1373 1902 1454 (313.)

368 1481 482 1533 8⁶.
534 1469 713 1554 Augg.
766 1477 823 1529 et
872 1469 1039 1530 Caess.
1094 1470 1285 1528 Basso.
1340 1466 1672 1527 Valentinus
1721 1467 2030 1548 perfidiam
2085 1477 2138 1528 et

286 1568 532 1626 maxime
560 1565 847 1646 queritur,
881 1564 1017 1643 quia
1052 1562 1121 1622 de
1151 1562 1250 1622 illo
1295 1582 1329 1621 a
1373 1569 1556 1622 tutore
1598 1564 1899 1644 prooessit,
1943 1583 1980 1622 a
2022 1584 2135 1644 quo

286 1659 504 1741 aliquid
538 1660 602 1718 in
650 1659 907 1720 fortunas
944 1677 1076 1718 suas
1116 1656 1658 1738 perniciosissimdln
1694 1649 1980 1745 proficisci
2019 1659 2136 1717 mi-

285 1755 441 1814 nime
470 1754 730 1814 omnium
770 1749 1021 1838 decebat.
1064 1749 1484 1831 Exuperantius
1527 1751 1614 1809 vir
1653 1749 2040 1821 clarissimus,
2085 1753 2132 1810 si

284 1855 508 1908 tantum
543 1845 859 1907 avunculus
894 1843 1194 1906 Valentino
1229 1852 1402 1918 esset,
1437 1863 1805 1926 nequaquam
1830 1846 1892 1904 in
1920 1843 2134 1904 Valen-

282 1941 467 2002 tinum
496 1958 731 2023 peccare
758 1935 1019 2010 deberet,
1045 1936 1146 2016 qui
1173 1954 1362 1998 non...

706 2156 843 2220 (Duo
860 2167 944 2204 ant
968 2166 1175 2222 quatuor
1197 2154 1312 2202 folia
1337 2152 1704 2216 desiderantur.)

360 2319 479 2372 82.
529 2353 544 2368 .
591 2352 607 2369 .
658 2355 672 2370 .
717 2308 976 2371 videlicet
1010 2317 1137 2370 acta
1174 2327 1292 2369 non
1321 2307 1535 2370 donum
1574 2327 1748 2390 quam
1789 2352 2129 2372 ......

282 2401 548 2462 fiduciam
578 2401 688 2462 sibi
726 2422 849 2463 esse
884 2411 1166 2462 servatam
1211 2445 2131 2464 ...............

284 2493 534 2556 obnoxia
584 2487 950 2576 comparator
992 2493 1162 2559 acced
1209 2537 1876 2555 ...........
1902 2531 1940 2557 ».
1993 2543 2009 2556 .
2053 2544 2068 2556 .
2115 2543 2128 2556 .

282 2607 425 2648 num
476 2585 717 2668 proinde
763 2586 999 2666 posthac
1046 2585 1237 2646 saltim
1281 2630 2126 2648 ..............
2159 2627 2165 2634 -

282 2678 626 2760 fraudesque
670 2677 807 2738 talia
855 2678 1165 2738 dissemina
1209 2721 1802 2739 ..........
1841 2726 1872 2739 ..
1926 2727 1939 2740 .
1989 2691 2018 2740 .·
2049 2727 2065 2742 .
2115 2725 2130 2742 .

281 2781 482 2834 centur
512 2771 705 2833 nullus
740 2771 923 2832 aditus
960 2770 1105 2832 fictis
1147 2815 2002 2836 ..............
2053 2823 2067 2834 .
2111 2821 2126 2834 .

280 2864 424 2926 dolis
462 2865 817 2948 relinquatur
855 2867 1094 2948 ingenui
1139 2908 1157 2926 .
1203 2865 1210 2872 ’
1208 2909 2126 2929 ...............

279 2959 352 3019 ad
380 2958 817 3040 provincialium
844 2978 1040 3040 preces
1068 2957 1284 3018 dudum
1326 2967 1409 3018 est
1451 2978 1554 3018 con
1601 3003 2126 3022 .........

280 3052 602 3112 satisfacere
628 3051 718 3112 vel
746 3051 963 3112 nollent
990 3052 1110 3133 pub
1140 3096 2129 3118 ................

278 3165 507 3204 summa
546 3143 821 3204 relevaret
854 3144 979 3225 jam
1016 3165 1171 3205 nnnc
1201 3147 1222 3203 i
1269 3191 2130 3210 ..............

280 3239 473 3317 spicue
506 3233 639 3316 lege
684 3238 934 3336 sancire,
988 3247 1051 3298 ut
1097 3257 1468 3321 quaecumque
1499 3257 1614 3320 pro
1649 3238 1892 3322 reliquis
1917 3242 2136 3322 prodi-
