<?xml version="1.0" encoding="UTF-8"?>
<!DOCTYPE html PUBLIC "-//W3C//DTD XHTML 1.0 Transitional//EN"
    "http://www.w3.org/TR/xhtml1/DTD/xhtml1-transitional.dtd">
<html xmlns="http://www.w3.org/1999/xhtml" xml:lang="en" lang="en">
 <head>
  <title>
</title>
<meta http-equiv="Content-Type" content="text/html;charset=utf-8" />
  <meta name='ocr-system' content='tesseract 3.04.00' />
  <meta name='ocr-capabilities' content='ocr_page ocr_carea ocr_par ocr_line ocrx_word'/>
</head>
<body>
  <div class='ocr_page' id='page_1' title='image "./manualejurissyn00paulgoog_0893.png"; bbox 0 0 2292 3684; ppageno 0'>
   <div class='ocr_carea' id='block_1_1' title="bbox 800 97 1948 150">
    <p class='ocr_par' dir='ltr' id='par_1_1' title="bbox 800 97 1948 150">
     <span class='ocr_line' id='line_1_1' title="bbox 800 97 1948 150; baseline 0.002 -2"><span class='ocrx_word' id='word_1_1' title='bbox 800 107 875 149; x_wconf 75' lang='lat' dir='ltr'><strong>na</strong></span> <span class='ocrx_word' id='word_1_2' title='bbox 911 105 1256 150; x_wconf 75' lang='lat' dir='ltr'><strong>nsnrnucru.</strong></span> <span class='ocrx_word' id='word_1_3' title='bbox 1838 97 1948 150; x_wconf 80' lang='lat'><strong>90⁴.</strong></span> 
     </span>
    </p>
   </div>
   <div class='ocr_carea' id='block_1_2' title="bbox 114 207 1989 2349">
    <p class='ocr_par' dir='ltr' id='par_1_2' title="bbox 122 207 1974 384">
     <span class='ocr_line' id='line_1_2' title="bbox 124 207 1974 292; baseline 0.001 -22"><span class='ocrx_word' id='word_1_4' title='bbox 124 231 355 292; x_wconf 84' lang='lat' dir='ltr'><strong>persona</strong></span> <span class='ocrx_word' id='word_1_5' title='bbox 402 209 679 284; x_wconf 69' lang='lat' dir='ltr'><strong>servi.,Et</strong></span> <span class='ocrx_word' id='word_1_6' title='bbox 720 210 800 270; x_wconf 85' lang='lat' dir='ltr'><strong>ita</strong></span> <span class='ocrx_word' id='word_1_7' title='bbox 847 208 1111 270; x_wconf 83' lang='lat' dir='ltr'><strong>Julianus</strong></span> <span class='ocrx_word' id='word_1_8' title='bbox 1150 227 1378 291; x_wconf 85' lang='lat' dir='ltr'><strong>quoque</strong></span> <span class='ocrx_word' id='word_1_9' title='bbox 1419 207 1522 270; x_wconf 88' lang='lat' dir='ltr'><strong>lib.</strong></span> <span class='ocrx_word' id='word_1_10' title='bbox 1566 208 1773 270; x_wconf 84' lang='lat' dir='ltr'>XXXV.</span> <span class='ocrx_word' id='word_1_11' title='bbox 1814 207 1940 292; x_wconf 75' lang='lat' dir='ltr'><strong>mg.</strong></span> <span class='ocrx_word' id='word_1_12' title='bbox 1971 239 1974 248; x_wconf 96' lang='lat'>·</span> 
     </span>
     <span class='ocr_line' id='line_1_3' title="bbox 122 301 1940 384; baseline 0 -20"><span class='ocrx_word' id='word_1_13' title='bbox 122 304 333 376; x_wconf 83' lang='lat' dir='ltr'><strong>scribit,</strong></span> <span class='ocrx_word' id='word_1_14' title='bbox 364 304 621 384; x_wconf 81' lang='lat' dir='ltr'><strong>quamvis</strong></span> <span class='ocrx_word' id='word_1_15' title='bbox 660 302 903 364; x_wconf 78' lang='lat' dir='ltr'><strong>Scaevola</strong></span> <span class='ocrx_word' id='word_1_16' title='bbox 930 301 1086 384; x_wconf 87' lang='lat' dir='ltr'><strong>apud</strong></span> <span class='ocrx_word' id='word_1_17' title='bbox 1110 301 1442 362; x_wconf 82' lang='lat' dir='ltr'><strong>Marcellum</strong></span> <span class='ocrx_word' id='word_1_18' title='bbox 1463 301 1732 365; x_wconf 82' lang='lat' dir='ltr'><strong>dubitans</strong></span> <span class='ocrx_word' id='word_1_19' title='bbox 1766 310 1940 364; x_wconf 85' lang='lat' dir='ltr'><strong>notet.</strong></span> 
     </span>
    </p>

    <p class='ocr_par' dir='ltr' id='par_1_3' title="bbox 121 395 1946 477">
     <span class='ocr_line' id='line_1_4' title="bbox 121 395 1946 477; baseline -0.001 -21"><span class='ocrx_word' id='word_1_20' title='bbox 121 397 189 457; x_wconf 77' lang='lat' dir='ltr'><strong>At</strong></span> <span class='ocrx_word' id='word_1_21' title='bbox 214 399 261 456; x_wconf 88' lang='lat' dir='ltr'><strong>si</strong></span> <span class='ocrx_word' id='word_1_22' title='bbox 288 398 393 457; x_wconf 86' lang='lat' dir='ltr'><strong>sub</strong></span> <span class='ocrx_word' id='word_1_23' title='bbox 422 396 739 458; x_wconf 88' lang='lat' dir='ltr'><strong>conditione</strong></span> <span class='ocrx_word' id='word_1_24' title='bbox 766 399 839 456; x_wconf 87' lang='lat' dir='ltr'><strong>sit</strong></span> <span class='ocrx_word' id='word_1_25' title='bbox 862 396 1103 477; x_wconf 75' lang='lat' dir='ltr'><strong>legatus,</strong></span> <span class='ocrx_word' id='word_1_26' title='bbox 1132 397 1322 476; x_wconf 84' lang='lat' dir='ltr'><strong>potius</strong></span> <span class='ocrx_word' id='word_1_27' title='bbox 1349 415 1418 456; x_wconf 86' lang='lat' dir='ltr'><strong>ex</strong></span> <span class='ocrx_word' id='word_1_28' title='bbox 1445 413 1692 476; x_wconf 88' lang='lat' dir='ltr'><strong>persona</strong></span> <span class='ocrx_word' id='word_1_29' title='bbox 1729 395 1946 456; x_wconf 87' lang='lat' dir='ltr'><strong>domini</strong></span> 
     </span>
    </p>

    <p class='ocr_par' dir='ltr' id='par_1_4' title="bbox 120 488 1943 572">
     <span class='ocr_line' id='line_1_5' title="bbox 120 488 1943 572; baseline 0 -22"><span class='ocrx_word' id='word_1_30' title='bbox 120 493 373 552; x_wconf 84' lang='lat' dir='ltr'><strong>constitui</strong></span> <span class='ocrx_word' id='word_1_31' title='bbox 408 491 825 554; x_wconf 72' lang='lat' dir='ltr'><strong>usumfructum</strong></span> <span class='ocrx_word' id='word_1_32' title='bbox 866 489 1168 552; x_wconf 76' lang='lat' dir='ltr'><strong>Marcellus</strong></span> <span class='ocrx_word' id='word_1_33' title='bbox 1211 488 1316 550; x_wconf 85' lang='lat' dir='ltr'><strong>lib.</strong></span> <span class='ocrx_word' id='word_1_34' title='bbox 1365 489 1512 552; x_wconf 87' lang='lat' dir='ltr'><strong>Xlll.</strong></span> <span class='ocrx_word' id='word_1_35' title='bbox 1559 491 1682 572; x_wconf 68' lang='lat' dir='ltr'><strong>mg.</strong></span> <span class='ocrx_word' id='word_1_36' title='bbox 1718 490 1943 562; x_wconf 83' lang='lat' dir='ltr'><strong>scribit;</strong></span> 
     </span>
    </p>

    <p class='ocr_par' dir='ltr' id='par_1_5' title="bbox 120 583 1944 667">
     <span class='ocr_line' id='line_1_6' title="bbox 120 583 1944 667; baseline 0.001 -24"><span class='ocrx_word' id='word_1_37' title='bbox 120 585 209 646; x_wconf 90' lang='lat' dir='ltr'><strong>ubi</strong></span> <span class='ocrx_word' id='word_1_38' title='bbox 238 584 481 648; x_wconf 70' lang='lat' dir='ltr'><strong>Scaevola</strong></span> <span class='ocrx_word' id='word_1_39' title='bbox 506 593 665 648; x_wconf 86' lang='lat' dir='ltr'><strong>notat</strong></span> <span class='ocrx_word' id='word_1_40' title='bbox 692 609 706 646; x_wconf 72' lang='grc' dir='ltr'><strong><em>ε</em></strong></span> <span class='ocrx_word' id='word_1_41' title='bbox 729 585 869 666; x_wconf 87' lang='lat' dir='ltr'><strong>quid</strong></span> <span class='ocrx_word' id='word_1_42' title='bbox 888 587 937 644; x_wconf 84' lang='lat' dir='ltr'><strong>si</strong></span> <span class='ocrx_word' id='word_1_43' title='bbox 956 583 1141 667; x_wconf 72' lang='lat' dir='ltr'><strong>pure?</strong></span> <span class='ocrx_word' id='word_1_44' title='bbox 1169 583 1268 645; x_wconf 89' lang='lat' dir='ltr'><strong>sed</strong></span> <span class='ocrx_word' id='word_1_45' title='bbox 1295 583 1558 645; x_wconf 83' lang='lat' dir='ltr'><strong>dubitare</strong></span> <span class='ocrx_word' id='word_1_46' title='bbox 1584 605 1700 646; x_wconf 89' lang='lat' dir='ltr'><strong>uon</strong></span> <span class='ocrx_word' id='word_1_47' title='bbox 1729 585 1944 658; x_wconf 80' lang='lat' dir='ltr'><strong>debuit,</strong></span> 
     </span>
    </p>

    <p class='ocr_par' dir='ltr' id='par_1_6' title="bbox 120 679 1950 761">
     <span class='ocr_line' id='line_1_7' title="bbox 120 679 1950 761; baseline -0.002 -17"><span class='ocrx_word' id='word_1_48' title='bbox 120 703 243 744; x_wconf 87' lang='lat' dir='ltr'><strong>cum</strong></span> <span class='ocrx_word' id='word_1_49' title='bbox 262 689 319 741; x_wconf 85' lang='lat' dir='ltr'><strong>et</strong></span> <span class='ocrx_word' id='word_1_50' title='bbox 338 679 601 741; x_wconf 83' lang='lat' dir='ltr'><strong>Julianus</strong></span> <span class='ocrx_word' id='word_1_51' title='bbox 628 679 841 740; x_wconf 83' lang='lat' dir='ltr'><strong>scribat</strong></span> <span class='ocrx_word' id='word_1_52' title='bbox 870 699 938 741; x_wconf 80' lang='lat' dir='ltr'><strong>ex</strong></span> <span class='ocrx_word' id='word_1_53' title='bbox 965 699 1212 761; x_wconf 84' lang='lat' dir='ltr'><strong>persona</strong></span> <span class='ocrx_word' id='word_1_54' title='bbox 1240 679 1388 739; x_wconf 81' lang='lat' dir='ltr'><strong>servi</strong></span> <span class='ocrx_word' id='word_1_55' title='bbox 1415 681 1695 741; x_wconf 84' lang='lat' dir='ltr'><strong>constitui.</strong></span> <span class='ocrx_word' id='word_1_56' title='bbox 1729 679 1950 740; x_wconf 90' lang='lat' dir='ltr'><strong>Secun-</strong></span> 
     </span>
    </p>

    <p class='ocr_par' dir='ltr' id='par_1_7' title="bbox 119 770 1952 1040">
     <span class='ocr_line' id='line_1_8' title="bbox 120 770 1950 855; baseline -0.001 -21"><span class='ocrx_word' id='word_1_57' title='bbox 120 775 255 848; x_wconf 37' lang='lat' dir='ltr'><strong>dum·</strong></span> <span class='ocrx_word' id='word_1_58' title='bbox 274 795 397 855; x_wconf 80' lang='lat' dir='ltr'><strong>quae</strong></span> <span class='ocrx_word' id='word_1_59' title='bbox 418 775 517 854; x_wconf 83' lang='lat' dir='ltr'><strong>jus</strong></span> <span class='ocrx_word' id='word_1_60' title='bbox 541 772 898 834; x_wconf 84' lang='lat' dir='ltr'><strong>adcrescendi</strong></span> <span class='ocrx_word' id='word_1_61' title='bbox 926 771 1114 834; x_wconf 86' lang='lat' dir='ltr'><strong>locum</strong></span> <span class='ocrx_word' id='word_1_62' title='bbox 1139 770 1382 834; x_wconf 78' lang='lat' dir='ltr'><strong>haberet</strong></span> <span class='ocrx_word' id='word_1_63' title='bbox 1406 772 1466 830; x_wconf 89' lang='lat' dir='ltr'><strong>in</strong></span> <span class='ocrx_word' id='word_1_64' title='bbox 1493 771 1719 834; x_wconf 85' lang='lat' dir='ltr'><strong>duobus</strong></span> <span class='ocrx_word' id='word_1_65' title='bbox 1752 775 1950 848; x_wconf 79' lang='lat' dir='ltr'><strong>servis,</strong></span> 
     </span>
     <span class='ocr_line' id='line_1_9' title="bbox 120 863 1952 950; baseline -0.001 -22"><span class='ocrx_word' id='word_1_66' title='bbox 120 871 301 950; x_wconf 87' lang='lat' dir='ltr'><strong>siquis</strong></span> <span class='ocrx_word' id='word_1_67' title='bbox 327 868 673 930; x_wconf 88' lang='lat' dir='ltr'><strong>contrariam</strong></span> <span class='ocrx_word' id='word_1_68' title='bbox 698 867 1035 926; x_wconf 84' lang='lat' dir='ltr'><strong>sententiam</strong></span> <span class='ocrx_word' id='word_1_69' title='bbox 1059 865 1329 946; x_wconf 80' lang='lat' dir='ltr'><strong>probaret</strong></span> <span class='ocrx_word' id='word_1_70' title='bbox 1363 885 1378 924; x_wconf 71' lang='grc' dir='ltr'><strong>ε</strong></span> <span class='ocrx_word' id='word_1_71' title='bbox 1409 863 1508 926; x_wconf 86' lang='lat' dir='ltr'><strong>sed</strong></span> <span class='ocrx_word' id='word_1_72' title='bbox 1535 884 1712 941; x_wconf 90' lang='lat' dir='ltr'><strong>nunc,</strong></span> <span class='ocrx_word' id='word_1_73' title='bbox 1742 887 1952 928; x_wconf 85' lang='lat' dir='ltr'><strong>secun-</strong></span> 
     </span>
     <span class='ocr_line' id='line_1_10' title="bbox 119 959 1658 1040; baseline 0 -20"><span class='ocrx_word' id='word_1_74' title='bbox 119 961 243 1021; x_wconf 89' lang='lat' dir='ltr'><strong>dum</strong></span> <span class='ocrx_word' id='word_1_75' title='bbox 268 961 483 1022; x_wconf 80' lang='lat' dir='ltr'><strong>Juliani</strong></span> <span class='ocrx_word' id='word_1_76' title='bbox 510 961 848 1022; x_wconf 87' lang='lat' dir='ltr'><strong>seutentiam</strong></span> <span class='ocrx_word' id='word_1_77' title='bbox 876 967 933 1019; x_wconf 90' lang='lat' dir='ltr'><strong>et</strong></span> <span class='ocrx_word' id='word_1_78' title='bbox 962 959 1176 1032; x_wconf 78' lang='lat' dir='ltr'><strong>Nerati,</strong></span> <span class='ocrx_word' id='word_1_79' title='bbox 1209 966 1390 1019; x_wconf 86' lang='lat' dir='ltr'><strong>cessat</strong></span> <span class='ocrx_word' id='word_1_80' title='bbox 1409 959 1658 1040; x_wconf 77' lang='lat' dir='ltr'><strong>quaestio.</strong></span> 
     </span>
    </p>

    <p class='ocr_par' dir='ltr' id='par_1_8' title="bbox 114 1049 1989 2349">
     <span class='ocr_line' id='line_1_11' title="bbox 190 1049 1952 1132; baseline -0.001 -16"><span class='ocrx_word' id='word_1_81' title='bbox 190 1063 298 1116; x_wconf 73' lang='lat'><strong>88.</strong></span> <span class='ocrx_word' id='word_1_82' title='bbox 331 1055 459 1114; x_wconf 88' lang='lat' dir='ltr'><strong>Non</strong></span> <span class='ocrx_word' id='word_1_83' title='bbox 486 1053 673 1113; x_wconf 88' lang='lat' dir='ltr'><strong>solum</strong></span> <span class='ocrx_word' id='word_1_84' title='bbox 696 1060 881 1111; x_wconf 86' lang='lat' dir='ltr'><strong>autem</strong></span> <span class='ocrx_word' id='word_1_85' title='bbox 906 1052 955 1111; x_wconf 86' lang='lat' dir='ltr'><strong>si</strong></span> <span class='ocrx_word' id='word_1_86' title='bbox 982 1050 1206 1111; x_wconf 87' lang='lat' dir='ltr'><strong>duobus</strong></span> <span class='ocrx_word' id='word_1_87' title='bbox 1232 1051 1304 1112; x_wconf 92' lang='lat' dir='ltr'><strong>do</strong></span> <span class='ocrx_word' id='word_1_88' title='bbox 1328 1049 1456 1132; x_wconf 80' lang='lat' dir='ltr'><strong>lego</strong></span> <span class='ocrx_word' id='word_1_89' title='bbox 1483 1051 1840 1112; x_wconf 69' lang='lat' dir='ltr'><strong>ususfructus</strong></span> <span class='ocrx_word' id='word_1_90' title='bbox 1862 1053 1952 1114; x_wconf 87' lang='lat' dir='ltr'><strong>le-</strong></span> 
     </span>
     <span class='ocr_line' id='line_1_12' title="bbox 120 1143 1950 1230; baseline -0.001 -22"><span class='ocrx_word' id='word_1_91' title='bbox 120 1157 289 1230; x_wconf 83' lang='lat' dir='ltr'><strong>getur,</strong></span> <span class='ocrx_word' id='word_1_92' title='bbox 330 1151 436 1209; x_wconf 84' lang='lat' dir='ltr'><strong>erit</strong></span> <span class='ocrx_word' id='word_1_93' title='bbox 466 1150 565 1227; x_wconf 84' lang='lat' dir='ltr'><strong>jus</strong></span> <span class='ocrx_word' id='word_1_94' title='bbox 599 1145 994 1224; x_wconf 82' lang='lat' dir='ltr'><strong>adcrescendi,</strong></span> <span class='ocrx_word' id='word_1_95' title='bbox 1031 1163 1232 1204; x_wconf 76' lang='lat' dir='ltr'><strong>verum</strong></span> <span class='ocrx_word' id='word_1_96' title='bbox 1269 1146 1317 1204; x_wconf 90' lang='lat' dir='ltr'><strong>si</strong></span> <span class='ocrx_word' id='word_1_97' title='bbox 1359 1143 1522 1204; x_wconf 87' lang='lat' dir='ltr'><strong>alteri</strong></span> <span class='ocrx_word' id='word_1_98' title='bbox 1565 1143 1950 1220; x_wconf 74' lang='lat' dir='ltr'><strong>ususfructus,</strong></span> 
     </span>
     <span class='ocr_line' id='line_1_13' title="bbox 119 1235 1958 1323; baseline -0.001 -23"><span class='ocrx_word' id='word_1_99' title='bbox 119 1239 266 1300; x_wconf 84' lang='lat' dir='ltr'><strong>alteri</strong></span> <span class='ocrx_word' id='word_1_100' title='bbox 290 1241 633 1323; x_wconf 80' lang='lat' dir='ltr'><strong>proprietas3</strong></span> <span class='ocrx_word' id='word_1_101' title='bbox 670 1257 807 1298; x_wconf 89' lang='lat' dir='ltr'><strong>nam</strong></span> <span class='ocrx_word' id='word_1_102' title='bbox 842 1239 1133 1297; x_wconf 85' lang='lat' dir='ltr'><strong>amittente</strong></span> <span class='ocrx_word' id='word_1_103' title='bbox 1161 1235 1582 1297; x_wconf 78' lang='lat' dir='ltr'><strong>usumfructum</strong></span> <span class='ocrx_word' id='word_1_104' title='bbox 1613 1237 1825 1311; x_wconf 84' lang='lat' dir='ltr'><strong>altero,</strong></span> <span class='ocrx_word' id='word_1_105' title='bbox 1861 1241 1958 1299; x_wconf 91' lang='lat' dir='ltr'><strong>cui·</strong></span> 
     </span>
     <span class='ocr_line' id='line_1_14' title="bbox 121 1329 1949 1416; baseline -0.002 -22"><span class='ocrx_word' id='word_1_106' title='bbox 121 1343 231 1395; x_wconf 87' lang='lat' dir='ltr'><strong>erat</strong></span> <span class='ocrx_word' id='word_1_107' title='bbox 253 1334 504 1416; x_wconf 74' lang='lat' dir='ltr'><strong>legatus,</strong></span> <span class='ocrx_word' id='word_1_108' title='bbox 546 1334 727 1414; x_wconf 77' lang='lat' dir='ltr'><strong>magis</strong></span> <span class='ocrx_word' id='word_1_109' title='bbox 748 1335 881 1413; x_wconf 86' lang='lat' dir='ltr'><strong>jure</strong></span> <span class='ocrx_word' id='word_1_110' title='bbox 908 1331 1271 1392; x_wconf 85' lang='lat' dir='ltr'><strong>adcrescendi</strong></span> <span class='ocrx_word' id='word_1_111' title='bbox 1299 1329 1371 1391; x_wconf 88' lang='lat' dir='ltr'><strong>ad</strong></span> <span class='ocrx_word' id='word_1_112' title='bbox 1397 1330 1636 1391; x_wconf 90' lang='lat' dir='ltr'><strong>alterum</strong></span> <span class='ocrx_word' id='word_1_113' title='bbox 1660 1334 1912 1412; x_wconf 82' lang='lat' dir='ltr'><strong>-pertinet</strong></span> <span class='ocrx_word' id='word_1_114' title='bbox 1932 1378 1949 1406; x_wconf 93' lang='lat'><strong>,</strong></span> 
     </span>
     <span class='ocr_line' id='line_1_15' title="bbox 122 1423 1989 1508; baseline 0 -20"><span class='ocrx_word' id='word_1_115' title='bbox 122 1448 283 1508; x_wconf 86' lang='lat' dir='ltr'><strong>quam</strong></span> <span class='ocrx_word' id='word_1_116' title='bbox 308 1429 454 1488; x_wconf 86' lang='lat' dir='ltr'><strong>redit</strong></span> <span class='ocrx_word' id='word_1_117' title='bbox 482 1427 555 1488; x_wconf 84' lang='lat' dir='ltr'><strong>ad</strong></span> <span class='ocrx_word' id='word_1_118' title='bbox 582 1427 1003 1508; x_wconf 75' lang='lat' dir='ltr'><strong>proprietatem.</strong></span> <span class='ocrx_word' id='word_1_119' title='bbox 1042 1425 1158 1484; x_wconf 87' lang='lat' dir='ltr'><strong>Nec</strong></span> <span class='ocrx_word' id='word_1_120' title='bbox 1183 1442 1398 1484; x_wconf 82' lang='lat' dir='ltr'><strong>novum</strong></span> <span class='ocrx_word' id='word_1_121' title='bbox 1430 1444 1445 1482; x_wconf 76' lang='lat' dir='ltr'><strong><em>z</em></strong></span> <span class='ocrx_word' id='word_1_122' title='bbox 1477 1443 1616 1484; x_wconf 86' lang='lat' dir='ltr'><strong>nam</strong></span> <span class='ocrx_word' id='word_1_123' title='bbox 1643 1433 1698 1484; x_wconf 85' lang='lat' dir='ltr'><strong>et</strong></span> <span class='ocrx_word' id='word_1_124' title='bbox 1733 1426 1783 1482; x_wconf 88' lang='lat' dir='ltr'><strong>si</strong></span> <span class='ocrx_word' id='word_1_125' title='bbox 1811 1423 1952 1484; x_wconf 82' lang='lat' dir='ltr'><strong>dno·</strong></span> <span class='ocrx_word' id='word_1_126' title='bbox 1983 1480 1989 1488; x_wconf 86' lang='lat'><em>.</em></span> 
     </span>
     <span class='ocr_line' id='line_1_16' title="bbox 121 1515 1949 1600; baseline 0 -22"><span class='ocrx_word' id='word_1_127' title='bbox 121 1519 219 1581; x_wconf 87' lang='lat' dir='ltr'><strong>bus</strong></span> <span class='ocrx_word' id='word_1_128' title='bbox 246 1521 600 1583; x_wconf 80' lang='lat' dir='ltr'><strong>ususfructus</strong></span> <span class='ocrx_word' id='word_1_129' title='bbox 644 1518 881 1600; x_wconf 77' lang='lat' dir='ltr'><strong>legetur,</strong></span> <span class='ocrx_word' id='word_1_130' title='bbox 914 1527 970 1579; x_wconf 87' lang='lat' dir='ltr'><strong>et</strong></span> <span class='ocrx_word' id='word_1_131' title='bbox 998 1515 1154 1598; x_wconf 82' lang='lat' dir='ltr'><strong>apud</strong></span> <span class='ocrx_word' id='word_1_132' title='bbox 1181 1515 1422 1578; x_wconf 86' lang='lat' dir='ltr'><strong>alterum</strong></span> <span class='ocrx_word' id='word_1_133' title='bbox 1451 1517 1524 1576; x_wconf 89' lang='lat' dir='ltr'><strong>sit</strong></span> <span class='ocrx_word' id='word_1_134' title='bbox 1547 1515 1949 1588; x_wconf 77' lang='lat' dir='ltr'><strong>consolidatus,</strong></span> 
     </span>
     <span class='ocr_line' id='line_1_17' title="bbox 114 1603 1956 1692; baseline -0.001 -20"><span class='ocrx_word' id='word_1_135' title='bbox 114 1615 203 1692; x_wconf 86' lang='lat' dir='ltr'><strong>jus</strong></span> <span class='ocrx_word' id='word_1_136' title='bbox 235 1603 594 1674; x_wconf 82' lang='lat' dir='ltr'><strong>adcrescendi</strong></span> <span class='ocrx_word' id='word_1_137' title='bbox 627 1631 747 1672; x_wconf 90' lang='lat' dir='ltr'><strong>non</strong></span> <span class='ocrx_word' id='word_1_138' title='bbox 783 1613 951 1691; x_wconf 86' lang='lat' dir='ltr'><strong>perit,</strong></span> <span class='ocrx_word' id='word_1_139' title='bbox 981 1629 1087 1670; x_wconf 90' lang='lat' dir='ltr'><strong>nec</strong></span> <span class='ocrx_word' id='word_1_140' title='bbox 1110 1611 1166 1670; x_wconf 89' lang='lat' dir='ltr'><strong>ei</strong></span> <span class='ocrx_word' id='word_1_141' title='bbox 1193 1609 1348 1691; x_wconf 82' lang='lat' dir='ltr'><strong>apud</strong></span> <span class='ocrx_word' id='word_1_142' title='bbox 1375 1629 1548 1690; x_wconf 87' lang='lat' dir='ltr'><strong>quem</strong></span> <span class='ocrx_word' id='word_1_143' title='bbox 1575 1609 1956 1672; x_wconf 77' lang='lat' dir='ltr'><strong>consolidatus</strong></span> 
     </span>
     <span class='ocr_line' id='line_1_18' title="bbox 119 1700 1952 1789; baseline 0.001 -25"><span class='ocrx_word' id='word_1_144' title='bbox 119 1716 209 1778; x_wconf 84' lang='lat' dir='ltr'><strong>est,</strong></span> <span class='ocrx_word' id='word_1_145' title='bbox 250 1726 435 1789; x_wconf 87' lang='lat' dir='ltr'><strong>neque</strong></span> <span class='ocrx_word' id='word_1_146' title='bbox 475 1705 548 1766; x_wconf 89' lang='lat' dir='ltr'><strong>ab</strong></span> <span class='ocrx_word' id='word_1_147' title='bbox 592 1725 659 1766; x_wconf 92' lang='lat' dir='ltr'><strong>eo</strong></span> <span class='ocrx_word' id='word_1_148' title='bbox 714 1726 729 1763; x_wconf 73' lang='grc' dir='ltr'><strong><em>ι</em></strong></span> <span class='ocrx_word' id='word_1_149' title='bbox 774 1712 829 1764; x_wconf 93' lang='lat' dir='ltr'><strong>et</strong></span> <span class='ocrx_word' id='word_1_150' title='bbox 870 1704 989 1784; x_wconf 88' lang='lat' dir='ltr'><strong>ipse</strong></span> <span class='ocrx_word' id='word_1_151' title='bbox 1032 1700 1242 1782; x_wconf 87' lang='lat' dir='ltr'><strong>quibus</strong></span> <span class='ocrx_word' id='word_1_152' title='bbox 1287 1701 1472 1762; x_wconf 90' lang='lat' dir='ltr'><strong>modis</strong></span> <span class='ocrx_word' id='word_1_153' title='bbox 1502 1704 1786 1764; x_wconf 74' lang='lat' dir='ltr'><strong>amitteret</strong></span> <span class='ocrx_word' id='word_1_154' title='bbox 1821 1713 1952 1766; x_wconf 81' lang='lat' dir='ltr'><strong>ante</strong></span> 
     </span>
     <span class='ocr_line' id='line_1_19' title="bbox 119 1794 1952 1876; baseline -0.001 -18"><span class='ocrx_word' id='word_1_155' title='bbox 119 1799 637 1871; x_wconf 74' lang='lat' dir='ltr'><strong>consolidationem,</strong></span> <span class='ocrx_word' id='word_1_156' title='bbox 684 1797 885 1856; x_wconf 88' lang='lat' dir='ltr'><strong>iisdem</strong></span> <span class='ocrx_word' id='word_1_157' title='bbox 932 1804 987 1856; x_wconf 85' lang='lat' dir='ltr'><strong>et</strong></span> <span class='ocrx_word' id='word_1_158' title='bbox 1032 1813 1188 1855; x_wconf 89' lang='lat' dir='ltr'><strong>nunc</strong></span> <span class='ocrx_word' id='word_1_159' title='bbox 1223 1796 1352 1876; x_wconf 87' lang='lat' dir='ltr'><strong>ipso</strong></span> <span class='ocrx_word' id='word_1_160' title='bbox 1391 1794 1620 1875; x_wconf 90' lang='lat' dir='ltr'><strong>quidem</strong></span> <span class='ocrx_word' id='word_1_161' title='bbox 1664 1796 1796 1875; x_wconf 87' lang='lat' dir='ltr'><strong>jure</strong></span> <span class='ocrx_word' id='word_1_162' title='bbox 1834 1815 1952 1856; x_wconf 87' lang='lat' dir='ltr'><strong>non</strong></span> 
     </span>
     <span class='ocr_line' id='line_1_20' title="bbox 120 1886 1946 1972; baseline 0 -23"><span class='ocrx_word' id='word_1_163' title='bbox 120 1896 347 1964; x_wconf 78' lang='lat' dir='ltr'><strong>amittet3</strong></span> <span class='ocrx_word' id='word_1_164' title='bbox 390 1892 492 1952; x_wconf 90' lang='lat' dir='ltr'><strong>sed</strong></span> <span class='ocrx_word' id='word_1_165' title='bbox 534 1899 761 1972; x_wconf 80' lang='lat' dir='ltr'><strong>proetor,</strong></span> <span class='ocrx_word' id='word_1_166' title='bbox 796 1886 1131 1948; x_wconf 86' lang='lat' dir='ltr'><strong>subsecutus</strong></span> <span class='ocrx_word' id='word_1_167' title='bbox 1173 1886 1498 1969; x_wconf 86' lang='lat' dir='ltr'><strong>exemplum</strong></span> <span class='ocrx_word' id='word_1_168' title='bbox 1527 1890 1686 1968; x_wconf 66' lang='lat' dir='ltr'><strong>⁸juris</strong></span> <span class='ocrx_word' id='word_1_169' title='bbox 1731 1889 1946 1962; x_wconf 78' lang='lat' dir='ltr'><strong>civilis,</strong></span> 
     </span>
     <span class='ocr_line' id='line_1_21' title="bbox 118 1969 1951 2070; baseline 0.001 -27"><span class='ocrx_word' id='word_1_170' title='bbox 118 1969 301 2070; x_wconf 78' lang='lat' dir='ltr'><strong>utilem</strong></span> <span class='ocrx_word' id='word_1_171' title='bbox 343 1987 626 2048; x_wconf 85' lang='lat' dir='ltr'><strong>actionem</strong></span> <span class='ocrx_word' id='word_1_172' title='bbox 663 1983 819 2044; x_wconf 81' lang='lat' dir='ltr'><strong>dabit</strong></span> <span class='ocrx_word' id='word_1_173' title='bbox 851 1983 1204 2044; x_wconf 81' lang='lat' dir='ltr'><strong>fructuario:</strong></span> <span class='ocrx_word' id='word_1_174' title='bbox 1235 1989 1292 2042; x_wconf 89' lang='lat' dir='ltr'><strong>et</strong></span> <span class='ocrx_word' id='word_1_175' title='bbox 1329 1983 1410 2042; x_wconf 87' lang='lat' dir='ltr'><strong>ita</strong></span> <span class='ocrx_word' id='word_1_176' title='bbox 1441 1983 1670 2044; x_wconf 87' lang='lat' dir='ltr'><strong>Neratio</strong></span> <span class='ocrx_word' id='word_1_177' title='bbox 1707 1993 1764 2044; x_wconf 88' lang='lat' dir='ltr'><strong>et</strong></span> <span class='ocrx_word' id='word_1_178' title='bbox 1795 1983 1951 2044; x_wconf 83' lang='lat' dir='ltr'><strong>Aris-</strong></span> 
     </span>
     <span class='ocr_line' id='line_1_22' title="bbox 118 2076 1948 2160; baseline -0.002 -18"><span class='ocrx_word' id='word_1_179' title='bbox 118 2083 225 2142; x_wconf 83' lang='lat' dir='ltr'><strong>toni</strong></span> <span class='ocrx_word' id='word_1_180' title='bbox 262 2081 503 2154; x_wconf 80' lang='lat' dir='ltr'><strong>videtur,</strong></span> <span class='ocrx_word' id='word_1_181' title='bbox 541 2090 596 2140; x_wconf 87' lang='lat' dir='ltr'><strong>et</strong></span> <span class='ocrx_word' id='word_1_182' title='bbox 631 2079 979 2160; x_wconf 87' lang='lat' dir='ltr'><strong>Pomponius</strong></span> <span class='ocrx_word' id='word_1_183' title='bbox 1014 2077 1223 2160; x_wconf 88' lang='lat' dir='ltr'><strong>probat</strong></span> <span class='ocrx_word' id='word_1_184' title='bbox 1256 2097 1270 2135; x_wconf 90' lang='lat'><strong>:</strong></span> <span class='ocrx_word' id='word_1_185' title='bbox 1299 2096 1648 2159; x_wconf 85' lang='lat' dir='ltr'><strong>quamquam</strong></span> <span class='ocrx_word' id='word_1_186' title='bbox 1685 2076 1948 2138; x_wconf 75' lang='lat' dir='ltr'><strong>Julianus</strong></span> 
     </span>
     <span class='ocr_line' id='line_1_23' title="bbox 116 2171 1949 2254; baseline -0.001 -22"><span class='ocrx_word' id='word_1_187' title='bbox 116 2172 207 2234; x_wconf 90' lang='lat' dir='ltr'><strong>lib.</strong></span> <span class='ocrx_word' id='word_1_188' title='bbox 266 2175 475 2236; x_wconf 82' lang='lat' dir='ltr'>XXXV.</span> <span class='ocrx_word' id='word_1_189' title='bbox 532 2175 655 2254; x_wconf 76' lang='lat' dir='ltr'><strong>mg.</strong></span> <span class='ocrx_word' id='word_1_190' title='bbox 708 2173 949 2244; x_wconf 85' lang='lat' dir='ltr'><strong>scribat,</strong></span> <span class='ocrx_word' id='word_1_191' title='bbox 994 2173 1107 2252; x_wconf 86' lang='lat' dir='ltr'><strong>ipsi</strong></span> <span class='ocrx_word' id='word_1_192' title='bbox 1163 2171 1390 2252; x_wconf 80' lang='lat' dir='ltr'><strong>quidem</strong></span> <span class='ocrx_word' id='word_1_193' title='bbox 1437 2173 1537 2252; x_wconf 85' lang='lat' dir='ltr'><strong>jus</strong></span> <span class='ocrx_word' id='word_1_194' title='bbox 1589 2171 1949 2234; x_wconf 85' lang='lat' dir='ltr'><strong>adcrescendi</strong></span> 
     </span>
     <span class='ocr_line' id='line_1_24' title="bbox 119 2261 1354 2349; baseline -0.002 -22"><span class='ocrx_word' id='word_1_195' title='bbox 119 2265 466 2349; x_wconf 80' lang='lat' dir='ltr'><strong>(competere,</strong></span> <span class='ocrx_word' id='word_1_196' title='bbox 496 2285 619 2328; x_wconf 73' lang='lat' dir='ltr'><strong>non</strong></span> <span class='ocrx_word' id='word_1_197' title='bbox 640 2284 771 2328; x_wconf 80' lang='lat' dir='ltr'><strong>vcro</strong></span> <span class='ocrx_word' id='word_1_198' title='bbox 778 2265 1121 2346; x_wconf 78' lang='lat' dir='ltr'><strong>fructuario</strong></span> <span class='ocrx_word' id='word_1_199' title='bbox 1145 2261 1222 2324; x_wconf 79' lang='lat' dir='ltr'><strong>ab</strong></span> <span class='ocrx_word' id='word_1_200' title='bbox 1248 2263 1354 2344; x_wconf 80' lang='lat' dir='ltr'><strong>eo).</strong></span> 
     </span>
    </p>
   </div>
   <div class='ocr_carea' id='block_1_3' title="bbox 574 2461 1476 2530">
    <p class='ocr_par' dir='ltr' id='par_1_9' title="bbox 574 2461 1476 2530">
     <span class='ocr_line' id='line_1_25' title="bbox 574 2461 1476 2530; baseline -0.002 -17"><span class='ocrx_word' id='word_1_201' title='bbox 574 2467 759 2530; x_wconf 84' lang='lat' dir='ltr'><strong>(Unum</strong></span> <span class='ocrx_word' id='word_1_202' title='bbox 786 2474 869 2522; x_wconf 69' lang='lat' dir='ltr'><strong>ant</strong></span> <span class='ocrx_word' id='word_1_203' title='bbox 894 2463 991 2510; x_wconf 85' lang='lat' dir='ltr'><strong>duo</strong></span> <span class='ocrx_word' id='word_1_204' title='bbox 1019 2463 1292 2511; x_wconf 80' lang='lat' dir='ltr'><strong>exciderunt</strong></span> <span class='ocrx_word' id='word_1_205' title='bbox 1319 2461 1476 2524; x_wconf 76' lang='lat' dir='ltr'><strong>folia.)</strong></span> 
     </span>
    </p>
   </div>
   <div class='ocr_carea' id='block_1_4' title="bbox 188 2615 1938 2702">
    <p class='ocr_par' dir='ltr' id='par_1_10' title="bbox 188 2615 1938 2702">
     <span class='ocr_line' id='line_1_26' title="bbox 188 2615 1938 2702; baseline -0.006 -11"><span class='ocrx_word' id='word_1_206' title='bbox 188 2638 303 2691; x_wconf 66' lang='lat'><strong>84.</strong></span> <span class='ocrx_word' id='word_1_207' title='bbox 342 2673 357 2690; x_wconf 89' lang='lat'><strong>.</strong></span> <span class='ocrx_word' id='word_1_208' title='bbox 395 2675 409 2688; x_wconf 92' lang='lat'><strong>.</strong></span> <span class='ocrx_word' id='word_1_209' title='bbox 446 2671 461 2688; x_wconf 91' lang='lat'><strong>.</strong></span> <span class='ocrx_word' id='word_1_210' title='bbox 507 2621 737 2687; x_wconf 86' lang='lat' dir='ltr'><strong>difficile</strong></span> <span class='ocrx_word' id='word_1_211' title='bbox 770 2629 855 2684; x_wconf 80' lang='lat' dir='ltr'><strong>est</strong></span> <span class='ocrx_word' id='word_1_212' title='bbox 880 2621 1063 2682; x_wconf 86' lang='lat' dir='ltr'><strong>dicere</strong></span> <span class='ocrx_word' id='word_1_213' title='bbox 1092 2639 1482 2702; x_wconf 86' lang='lat' dir='ltr'><strong>:quamquam</strong></span> <span class='ocrx_word' id='word_1_214' title='bbox 1509 2637 1624 2678; x_wconf 92' lang='lat' dir='ltr'><strong>non</strong></span> <span class='ocrx_word' id='word_1_215' title='bbox 1653 2615 1726 2680; x_wconf 85' lang='lat' dir='ltr'><strong>sit</strong></span> <span class='ocrx_word' id='word_1_216' title='bbox 1750 2616 1938 2700; x_wconf 79' lang='lat' dir='ltr'><strong>louge,</strong></span> 
     </span>
    </p>
   </div>
   <div class='ocr_carea' id='block_1_5' title="bbox 114 2711 1942 2990">
    <p class='ocr_par' dir='ltr' id='par_1_11' title="bbox 114 2711 1942 2990">
     <span class='ocr_line' id='line_1_27' title="bbox 116 2711 1942 2801; baseline -0.004 -21"><span class='ocrx_word' id='word_1_217' title='bbox 116 2722 257 2801; x_wconf 90' lang='lat' dir='ltr'><strong>quod</strong></span> <span class='ocrx_word' id='word_1_218' title='bbox 282 2719 585 2782; x_wconf 81' lang='lat' dir='ltr'><strong>Marcellus</strong></span> <span class='ocrx_word' id='word_1_219' title='bbox 615 2718 713 2780; x_wconf 90' lang='lat' dir='ltr'><strong>lib.</strong></span> <span class='ocrx_word' id='word_1_220' title='bbox 754 2717 872 2780; x_wconf 83' lang='lat' dir='ltr'><strong>xu.</strong></span> <span class='ocrx_word' id='word_1_221' title='bbox 908 2716 1032 2798; x_wconf 77' lang='lat' dir='ltr'><strong>Dig.</strong></span> <span class='ocrx_word' id='word_1_222' title='bbox 1064 2715 1292 2786; x_wconf 88' lang='lat' dir='ltr'><strong>scribit,</strong></span> <span class='ocrx_word' id='word_1_223' title='bbox 1323 2715 1373 2774; x_wconf 90' lang='lat' dir='ltr'><strong>si</strong></span> <span class='ocrx_word' id='word_1_224' title='bbox 1399 2711 1621 2774; x_wconf 86' lang='lat' dir='ltr'><strong>duobus</strong></span> <span class='ocrx_word' id='word_1_225' title='bbox 1655 2733 1798 2794; x_wconf 89' lang='lat' dir='ltr'><strong>pure</strong></span> <span class='ocrx_word' id='word_1_226' title='bbox 1833 2713 1942 2773; x_wconf 88' lang='lat' dir='ltr'><strong>Sti-</strong></span> 
     </span>
     <span class='ocr_line' id='line_1_28' title="bbox 114 2807 1940 2899; baseline -0.003 -26"><span class='ocrx_word' id='word_1_227' title='bbox 114 2813 245 2876; x_wconf 88' lang='lat' dir='ltr'><strong>chus</strong></span> <span class='ocrx_word' id='word_1_228' title='bbox 284 2815 523 2899; x_wconf 70' lang='lat' dir='ltr'><strong>legetur,</strong></span> <span class='ocrx_word' id='word_1_229' title='bbox 566 2823 622 2879; x_wconf 84' lang='lat' dir='ltr'><strong>et</strong></span> <span class='ocrx_word' id='word_1_230' title='bbox 659 2811 801 2874; x_wconf 88' lang='lat' dir='ltr'><strong>alter</strong></span> <span class='ocrx_word' id='word_1_231' title='bbox 844 2810 1223 2879; x_wconf 76' lang='lat' dir='ltr'><strong>manumittat,</strong></span> <span class='ocrx_word' id='word_1_232' title='bbox 1270 2807 1413 2868; x_wconf 83' lang='lat' dir='ltr'><strong>alter</strong></span> <span class='ocrx_word' id='word_1_233' title='bbox 1455 2814 1586 2887; x_wconf 85' lang='lat' dir='ltr'><strong>post</strong></span> <span class='ocrx_word' id='word_1_234' title='bbox 1630 2809 1940 2868; x_wconf 82' lang='lat' dir='ltr'><strong>manumis-</strong></span> 
     </span>
     <span class='ocr_line' id='line_1_29' title="bbox 114 2897 1942 2990; baseline -0.003 -24"><span class='ocrx_word' id='word_1_235' title='bbox 114 2910 324 2970; x_wconf 82' lang='lat' dir='ltr'><strong>sionem</strong></span> <span class='ocrx_word' id='word_1_236' title='bbox 362 2910 641 2990; x_wconf 84' lang='lat' dir='ltr'><strong>repudiet,</strong></span> <span class='ocrx_word' id='word_1_237' title='bbox 684 2906 784 2967; x_wconf 83' lang='lat' dir='ltr'><strong>ubi</strong></span> <span class='ocrx_word' id='word_1_238' title='bbox 820 2925 937 2966; x_wconf 89' lang='lat' dir='ltr'><strong>non</strong></span> <span class='ocrx_word' id='word_1_239' title='bbox 966 2903 1029 2964; x_wconf 82' lang='lat' dir='ltr'><strong>iit</strong></span> <span class='ocrx_word' id='word_1_240' title='bbox 1054 2902 1360 2972; x_wconf 85' lang='lat' dir='ltr'><strong>caducum,</strong></span> <span class='ocrx_word' id='word_1_241' title='bbox 1393 2897 1714 2960; x_wconf 85' lang='lat' dir='ltr'><strong>libertatem</strong></span> <span class='ocrx_word' id='word_1_242' title='bbox 1749 2899 1942 2961; x_wconf 89' lang='lat' dir='ltr'><strong>locum</strong></span> 
     </span>
    </p>
   </div>
   <div class='ocr_carea' id='block_1_6' title="bbox 112 2992 1942 3094">
    <p class='ocr_par' dir='ltr' id='par_1_12' title="bbox 112 2992 1942 3094">
     <span class='ocr_line' id='line_1_30' title="bbox 112 2992 1942 3094; baseline -0.004 -32"><span class='ocrx_word' id='word_1_243' title='bbox 112 2999 343 3076; x_wconf 76' lang='lat' dir='ltr'><strong>haber03</strong></span> <span class='ocrx_word' id='word_1_244' title='bbox 373 3003 661 3084; x_wconf 83' lang='lat' dir='ltr'><strong>idemque,</strong></span> <span class='ocrx_word' id='word_1_245' title='bbox 695 3009 750 3061; x_wconf 87' lang='lat' dir='ltr'><strong>et</strong></span> <span class='ocrx_word' id='word_1_246' title='bbox 778 3001 827 3060; x_wconf 90' lang='lat' dir='ltr'><strong>si</strong></span> <span class='ocrx_word' id='word_1_247' title='bbox 854 2997 1022 3094; x_wconf 71' lang='lat' dir='ltr'><strong>heres</strong></span> <span class='ocrx_word' id='word_1_248' title='bbox 1054 2996 1403 3057; x_wconf 86' lang='lat' dir='ltr'><strong>deliberante</strong></span> <span class='ocrx_word' id='word_1_249' title='bbox 1437 2992 1712 3077; x_wconf 76' lang='lat' dir='ltr'><strong>legatario</strong></span> <span class='ocrx_word' id='word_1_250' title='bbox 1741 3015 1942 3055; x_wconf 88' lang='lat' dir='ltr'><strong>mauu-</strong></span> 
     </span>
    </p>
   </div>
   <div class='ocr_carea' id='block_1_7' title="bbox 844 3153 1163 3168">
    <p class='ocr_par' dir='ltr' id='par_1_13' title="bbox 844 3153 1163 3168">
     <span class='ocr_line' id='line_1_31' title="bbox 844 3153 1163 3168; baseline 0 516"><span class='ocrx_word' id='word_1_251' title='bbox 844 3153 1163 3168; x_wconf 95' lang='lat' dir='ltr'><strong> </strong></span> 
     </span>
    </p>
   </div>
   <div class='ocr_carea' id='block_1_8' title="bbox 778 3155 843 3169">
    <p class='ocr_par' dir='ltr' id='par_1_14' title="bbox 778 3155 843 3169">
     <span class='ocr_line' id='line_1_32' title="bbox 778 3155 843 3169; baseline -0.015 0"><span class='ocrx_word' id='word_1_252' title='bbox 778 3155 843 3169; x_wconf 47' lang='grc' dir='ltr'><strong><em>μ</em></strong></span> 
     </span>
    </p>
   </div>
   <div class='ocr_carea' id='block_1_9' title="bbox 113 3229 1948 3436">
    <p class='ocr_par' dir='ltr' id='par_1_15' title="bbox 113 3229 1948 3436">
     <span class='ocr_line' id='line_1_33' title="bbox 116 3229 1948 3326; baseline -0.008 -26"><span class='ocrx_word' id='word_1_253' title='bbox 116 3253 230 3301; x_wconf 77' lang='lat' dir='ltr'><strong>tione</strong></span> <span class='ocrx_word' id='word_1_254' title='bbox 246 3239 527 3326; x_wconf 62' lang='lat' dir='ltr'><strong>[symm-,jus</strong></span> <span class='ocrx_word' id='word_1_255' title='bbox 551 3247 844 3298; x_wconf 76' lang='lat' dir='ltr'><strong>adcrescends’</strong></span> <span class='ocrx_word' id='word_1_256' title='bbox 859 3229 949 3293; x_wconf 78' lang='lat' dir='ltr'><strong>non</strong></span> <span class='ocrx_word' id='word_1_257' title='bbox 972 3253 1057 3302; x_wconf 80' lang='lat' dir='ltr'><strong>est,</strong></span> <span class='ocrx_word' id='word_1_258' title='bbox 1084 3245 1197 3310; x_wconf 77' lang='lat' dir='ltr'><strong>quia</strong></span> <span class='ocrx_word' id='word_1_259' title='bbox 1217 3242 1504 3306; x_wconf 76' lang='lat' dir='ltr'><strong>ususfructus</strong></span> <span class='ocrx_word' id='word_1_260' title='bbox 1521 3253 1612 3288; x_wconf 83' lang='lat' dir='ltr'><strong>non</strong></span> <span class='ocrx_word' id='word_1_261' title='bbox 1626 3239 1772 3305; x_wconf 72' lang='lat' dir='ltr'><strong>perit,</strong></span> <span class='ocrx_word' id='word_1_262' title='bbox 1789 3241 1872 3304; x_wconf 76' lang='lat' dir='ltr'><strong>qui</strong></span> <span class='ocrx_word' id='word_1_263' title='bbox 1891 3253 1948 3286; x_wconf 74' lang='lat' dir='ltr'><strong>ex</strong></span> 
     </span>
     <span class='ocr_line' id='line_1_34' title="bbox 113 3316 1649 3436; baseline -0.006 -75"><span class='ocrx_word' id='word_1_264' title='bbox 113 3331 300 3376; x_wconf 76' lang='lat' dir='ltr'><strong>persona</strong></span> <span class='ocrx_word' id='word_1_265' title='bbox 328 3316 499 3364; x_wconf 75' lang='lat' dir='ltr'><strong>domm</strong></span> <span class='ocrx_word' id='word_1_266' title='bbox 520 3317 791 3362; x_wconf 75' lang='lat' dir='ltr'><strong>constitutus</strong></span> <span class='ocrx_word' id='word_1_267' title='bbox 812 3319 897 3368; x_wconf 80' lang='lat' dir='ltr'><strong>est,</strong></span> <span class='ocrx_word' id='word_1_268' title='bbox 920 3325 1096 3360; x_wconf 64' lang='lat' dir='ltr'><strong>nom...</strong></span> <span class='ocrx_word' id='word_1_269' title='bbox 1589 3379 1649 3436; x_wconf 58' lang='grc' dir='ltr'><strong><em>Μ</em></strong></span> 
     </span>
    </p>
   </div>
  </div>
 </body>
</html>
