2292 3684
275 78 424 123 wsr.
455 80 603 125 mar.
631 82 685 127 10·
715 84 800 137 111,
827 84 883 125 Τ.
914 84 1075 127 XXIX·
1117 86 1271 135 omu.
1298 86 1437 129 UOD.
1470 86 1595 127 om„
1629 86 1926 129 wulfun.
1970 76 2034 127 5*

318 374 484 448 Quod
511 382 702 436 antem
727 374 1004 449 diximus,
1033 380 1078 437 si
1107 377 1355 439 conditio
1390 377 1687 458 adjiciatur
1712 378 2071 438 novationem

235 466 390 540 fieri,
427 470 508 529 cic
539 467 780 550 intelligi
807 476 1058 549 oportet,
1088 480 1153 531 nt
1177 474 1256 530 ita
1284 469 1537 531 dicamus
1571 470 1779 531 factam
1817 472 2077 531 novatio·-

233 578 408 634 ποια,
453 562 503 621 ei
535 561 782 623 conditio
820 563 1103 622 extiterit:
1143 564 1425 644 alioquin,
1467 566 1513 623 si
1560 562 1861 635 defecerit,
1906 562 2071 622 durat

241 653 405 731 prior
429 650 720 734 obligatio.
812 690 818 701 ·

323 1923 435 1985 Sed
476 1944 606 1984 cnm
627 1923 749 1987 ’hoc
785 1924 1014 2007 quidem
1047 1928 1197 1987 inter
1229 1935 1441 1987 veteres
1476 1925 1771 1986 constabat
1797 1934 1931 1987 tunc
1957 1925 2079 1987 fieri

241 2019 637 2089 novationem,
677 2037 808 2077 cnm
841 2019 1089 2078 novandi
1121 2021 1313 2079 animo
1348 2021 1408 2078 in
1439 2017 1743 2079 secundam
1779 2017 2081 2100 obligatio-

237 2129 376 2169 nem
421 2112 564 2168 itum
609 2108 824 2182 fuerat,
869 2130 974 2190 per
1007 2111 1116 2171 hoc
1158 2119 1344 2171 antem
1389 2109 1627 2170 dubium
1669 2113 1821 2181 e'rat,
1856 2109 2081 2190 quando

238 2202 490 2263 novandi
535 2203 724 2263 animo
770 2201 1055 2265 videretur
1095 2205 1209 2266 hoc
1246 2204 1399 2275 fieri,
1440 2214 1495 2265 et
1536 2203 1810 2283 quasdam
1859 2202 1928 2264 de
1972 2203 2081 2263 hoc

238 2298 708 2377 proesumptioneu
756 2295 852 2355 alii
896 2298 957 2355 in
1003 2297 1130 2357 aliis
1172 2299 1393 2359 casibus
1441 2294 1905 2367 introducebant,
1953 2296 2079 2356 ideo

237 2395 436 2447 nostra
471 2390 742 2469 processit
774 2391 1096 2449 constitutio
1119 2390 1227 2469 (l),
1260 2410 1385 2472 qnae
1422 2390 1771 2470 apertissime
1808 2388 2074 2459 definivit,

235 2490 374 2540 tunc
417 2481 601 2541 solum
645 2482 1004 2541 novationem
1048 2482 1198 2556 fieri,
1246 2484 1503 2565 quotiens
1543 2483 1652 2542 hoc
1695 2484 1885 2562 ipsum
1930 2484 2079 2541 inter

238 2572 636 2634 contrahentes
671 2593 1002 2655 expressum
1033 2575 1230 2649 suerit,
1263 2577 1414 2659 quod
1447 2585 1681 2658 propter
1718 2577 2077 2636 novationem

240 2668 450 2749 prioris
477 2666 839 2748 obligationis
866 2670 1561 2751 convenerunt;·alioquin
1590 2688 1819 2729 manere
1847 2676 1902 2728 et
1928 2668 2077 2750 pric-

240 2762 424 2820 tinam
453 2759 860 2842 obligationem
880 2808 894 2833 ,
927 2774 981 2822 et
1014 2762 1317 2823 secundam
1351 2765 1401 2822 ei
1430 2763 1723 2835 accedere,
1754 2771 1817 2822 nt
1853 2770 2080 2821 maneat

242 2874 311 2913 ex
347 2863 588 2934 utraque
636 2874 808 2914 cauea
849 2854 1155 2936 obligatio,
1208 2853 1514 2916 secundam
1564 2865 1767 2917 nostroe
1802 2857 2079 2915 constitu-

243 2948 413 3005 tionis
443 2944 853 3020 definitionem,
883 2967 1056 3027 quam
1089 2946 1217 3007 licet
1248 2967 1317 3007 ex
1352 2950 1529 3030 ipsius
1558 2947 1792 3008 lectione
1828 2948 2077 3029 apertius

246 3056 605 3119 cognoscere.

309 3268 382 3331 (1)
415 3268 466 3316 L.
495 3270 546 3325 8,
571 3272 643 3327 0.,
672 3269 740 3315 Dc
767 3276 918 3315 novat.
938 3267 1064 3331 (vm,
1087 3270 1195 3331 4⁶2),

577 3358 588 3365 ’
1706 3348 1793 3401 29.
