2292 3684
786 134 858 173 ns
878 132 1320 195 ‚cosummat-S.
1869 120 1900 171 9
1915 116 1975 171 49

62 242 346 313 :eptam
386 232 603 292 donare
628 232 847 314 possit?
880 234 1069 296 Labeo
1096 233 1294 295 scribit
1321 251 1437 295 non
1475 252 1669 312 posse3
1702 232 1799 291 sed
1832 228 1975 292 ratio

62 329 409 408 aequitatis
444 346 601 407 oeque
642 330 703 386 in
742 327 975 387 feminis
1002 335 1103 387 est.

161 430 381 483 882.
416 420 573 497 Item.
606 421 743 481 Item
772 422 979 500 excipit
1016 446 1040 473 ι
1072 422 1121 480 si
1147 424 1274 501 quis
1303 441 1336 480 a
1363 421 1538 480 servis
1563 421 1740 499 (suis),
1764 420 1974 529 quifflue

63 534 198 594 pro
234 517 441 575 servis
478 517 804 575 servitutem
842 516 1184 587 servierunt,
1215 517 1416 594 accipit
1436 503 1468 590 ,’
1482 515 1605 573 duit
1633 542 1686 573 ω.
1718 515 1817 573 His
1849 534 1975 575 ver-

68 606 178 665 bis
226 632 259 659 «a
291 609 356 665 si
387 608 513 687 quis
544 628 579 665 a
604 609 779 666 servis
802 609 919 665 suis
949 632 976 663 n
1006 607 1194 667 liberti
1221 608 1602 677 continentur,
1631 614 1694 665 ut
1722 607 1978 686 patronis

71 700 243 759 dare
280 701 547 779 possint3
583 697 950 779 sequentibus
980 717 1111 757 vero
1142 699 1452 778 excipitur,
1487 708 1548 757 ut
1575 701 1652 771 is,
1687 701 1786 777 qui
1823 696 1978 756 bona

76 793 219 852 fine
254 794 495 865 serviit,
518 796 563 851 si
596 802 791 873 postea
816 791 963 851 liber
991 784 1393 872 pronuntiatus
1415 792 1510 863 sit,
1534 796 1709 870 possit
1731 792 1866 853 dare
1893 794 1974 863 ei,

63 890 189 947 cui
223 888 463 946 serviit.
498 886 744 947 Sabinus
784 895 1025 967 utraque
1064 888 1346 967 scriptura
1387 884 1579 964 (idem)
1613 887 1888 945 contineri
1925 894 1979 945 et

82 980 179 1041 bis
214 980 391 1039 idem
420 979 661 1049 dictum.

179 1082 381 1134 ³08.
426 1072 581 1132 Item.
634 1072 741 1132 Sed
790 1042 1011 1132 tantum
1060 1079 1373 1153 patronum
1424 1090 1461 1128 a
1504 1067 1708 1129 liberto
1752 1072 1973 1150 excipit.
2055 1102 2062 1111 -
2101 1082 2110 1102 “

90 1165 371 1235 Quidam
412 1173 616 1245 putant
653 1144 825 1225 e'tiam
867 1165 1077 1225 Iiberos
1106 1166 1335 1244 patroni
1372 1170 1634 1243 exceptos
1657 1206 1671 1232 ‚
1707 1164 1977 1245 quoniam

94 1259 371 1319 libertus
400 1262 719 1329 continuat
757 1263 903 1319 servi
940 1258 1354 1339 appellatione3
1393 1260 1628 1317 et·sicut
1667 1260 1724 1315 in
1758 1258 1857 1315 xu
1897 1266 1980 1315 ta-

102 1352 277 1413 bulis
312 1354 541 1434 patroni
571 1352 949 1435 appellatione
977 1344 1150 1413 etiam
1167 1350 1334 1412 liberi
1355 1352 1579 1431 patroni
1599 1352 1976 1423 continentur,‘

102 1449 188 1507 ita
226 1457 292 1507 et
324 1448 383 1505 in
412 1447 520 1506 hac
540 1447 680 1529 Iege.

198 1549 381 1601 808.
436 1541 597 1600 Item.
650 1540 860 1601 Contra
912 1548 1101 1600 autem
1152 1538 1340 1599 liberti
1387 1533 1423 1598 'a
1463 1536 1978 1619 patronis'excepti

110 1630 309 1691 sunt?
354 1633 421 1691 Et
454 1631 562 1692 hoc
596 1634 727 1711 jure
768 1634 1014 1703 utimur,
1072 1652 1143 1691 ne
1186 1633 1403 1713 excepti
1448 1630 1774 1703 videantur,
1824 1641 1898 1690 uk
1927 1639 1981 1690 et
2069 1632 2078 1639 ’

116 1724 267 1785 dare
300 1731 354 1783 et
382 1744 586 1803 capere
614 1724 706 1783 lex
732 1727 811 1784 eis
840 1727 1152 1804 permittat.

208 1826 384 1878 alo.
416 1815 626 1875 Paulus
650 1817 749 1876 lib.
780 1818 971 1876 XXIII.
1006 1818 1077 1877 ad
1106 1818 1352 1878 edictum
1379 1816 1450 1883 de
1475 1816 1764 1877 brevibus.
1798 1815 1979 1875 Perfl-

120 1912 277 1969 citur
323 1908 552 1968 donatio
594 1912 654 1968 in
698 1912 941 1991 exceptis
984 1913 1244 1990 personis
1278 1910 1399 1970 sola
1435 1914 1856 1991 mancipatione
1891 1908 1982 1968 vel

122 2002 541 2081 promissione;
566 2003 835 2081 quoniam
868 2022 1053 2082 neque
1080 2002 1286 2063 Cincioe
1315 2001 1455 2083 Iegis
1481 2003 1732 2083 exceptio
1759 2001 1974 2072 obstat3

124 2113 313 2174 neque
340 2097 399 2152 in
434 2094 645 2153 factum
680 2120 707 2149 α
736 2098 783 2154 si
812 2116 927 2155 non
962 2096 1285 2156 donationis
1315 2115 1488 2155 causa
1525 2097 1847 2175 mancipavi
1887 2092 1978 2154 vel

125 2188 369 2267 promisi
397 2207 489 2247 me
519 2186 787 2247 daturum
812 2212 865 2259 κς
898 2188 1068 2268 idque
1096 2198 1150 2247 et
1179 2188 1340 2247 divus
1364 2188 1497 2246 Pius
1526 2190 1828 2267 rescripsit.
1856 2206 1862 2213 ·
1951 2220 1965 2229 -

211 2294 375 2343 811.
411 2285 566 2343 Item.
600 2284 709 2343 Sed
732 2286 791 2342 in
821 2304 1069 2364 persona
1099 2304 1215 2344 non
1245 2286 1461 2363 excepti
1490 2283 1612 2343 sola
1631 2284 1976 2363 mancipatio

130 2374 219 2435 veI
262 2379 557 2455 promissio
608 2397 725 2436 non
773 2376 1011 2456 perficit·
1034 2377 1396 2437 donationem
1440 2398 1452 2435 ε
1496 2379 1552 2434 in
1593 2375 1763 2434 rebus
1791 2373 1976 2434 mobi-

134 2466 314 2538 libus,
344 2468 561 2527 etiamsi
586 2468 811 2544 traditae,
830 2470 973 2539 sint,
1006 2470 1251 2549 exigitur
1277 2477 1339 2526 ut
1366 2476 1420 2526 et
1452 2465 1748 2526 interdicto
1775 2464 1978 2526 Uer-ubi

140 2561 391 2640 superior
428 2562 499 2619 sit
542 2562 618 2631 is,
662 2562 754 2619 cui
801 2559 1009 2619 donata
1042 2569 1152 2633 est,
1205 2562 1320 2619 sive
1369 2560 1616 2639 mancipi
1652 2561 1974 2638 mancipata

141 2653 239 2721 sit,
268 2654 377 2713 sive
404 2672 509 2711 nec
533 2655 781 2732 mancipi
809 2651 1032 2712 tradita.
1581 2648 1587 2653 ’

226 2754 378 2805 tn.
434 2746 555 2804 Divi
616 2744 995 2805 Diocletianus
1042 2754 1097 2805 et
1136 2744 1501 2804 Constantius
1545 2744 1776 2805 Aurelio
1819 2743 1976 2805 One·
2079 2778 2088 2789 «

150 2838 284 2897 simo
320 2837 419 2917 (I).
469 2837 898 2898 successoribus
937 2834 1229 2901 donatoris
1267 2836 1576 2918 perfectam
1612 2838 1976 2899 donationem

156 2940 399 2990 revocare
434 2952 551 2991 non
591 2930 967 3011 permittitur,
1008 2950 1138 2990 cum
1174 2931 1564 3011 imperfectam
1609 2950 1974 3013 perseverans

159 3020 394 3083 voluntas
421 3044 523 3104 per
544 3022 659 3083 doti
685 3022 822 3084 mali
859 3024 1286 3106 replicationem
1314 3022 1629 3088 confirmet.
1660 3024 1813 3087 Unde
1847 3024 1975 3085 adi·

220 3248 277 3311 (I)
304 3252 349 3295 In
368 3266 511 3326 marg..
538 3250 684 3301 schot.
707 3265 720 3298 :
747 3270 767 3291 ι
790 3252 887 3298 Nec
905 3250 1228 3314 imperfectam
1252 3250 1552 3299 donationem
1577 3208 1604 3299 ἑ
1627 3248 1972 3299 successoribus

166 3326 279 3375 posse
300 3328 515 3364 revocari.
546 3334 569 3355 ι

1921 3462 1936 3491 Ι
