2292 3684
104 125 261 170 mer.
294 127 439 171 msr.
476 130 535 173 ι.
562 128 603 185 ι,
640 129 697 171 ϊ.
720 128 881 174 xxvi.
921 129 996 171 ne
1026 126 1319 171 susciteris
1341 128 1473 171 ror.
1503 128 1612 171 vsi.
1637 128 1761 171 cun.
1805 116 1907 173 ⁴29

68 232 187 288 sari
200 232 429 311 poterit.
452 230 601 303 Quid
620 232 666 292 si
684 230 996 314 patronus?
1012 231 1212 292 Adhuc
1239 230 1391 291 idem
1411 231 1518 292 erit
1543 230 1902 293 discendum:

70 322 385 385 dummodo
423 326 853 386 meminerimus
894 324 1058 385 famae
1082 324 1322 406 'petroni
1357 324 1736 407 parcendum,
1776 324 1904 385 licet

70 425 131 475 ut
158 425 459 499 suspectus
484 427 733 479 remotus
760 418 953 481 fuerit.

146 521 213 573 8.
249 512 619 594 Consequens
646 521 816 573 estut
848 512 1170 587 videamus,
1206 513 1304 595 qui
1341 521 1579 594 possunt
1613 514 1905 595 suspectos

64 602 380 685 postulare.
434 607 506 665 Et
549 606 839 667 sciendum
882 615 966 667 est
1018 608 1181 688 qussi
1235 606 1522 705 publicum
1581 626 1700 668 esse
1753 606 1905 667 hanc

64 700 383 772 actionem,
406 698 517 759 hoc
542 710 653 773 est,
692 700 956 763 omnibus
994 710 1202 783 patere.
1243 685 1512 772 Quinimo
1549 710 1602 761 et
1638 700 1904 761 mulieres

63 790 473 865 admittuntur,
522 812 591 852 ex
632 795 903 874 rescripto
950 792 1210 853 divorum
1256 792 1446 853 Severi
1491 801 1545 853 et
1585 791 1899 865 Antonini,

60 884 159 944 sed
189 906 269 945 eae
295 886 431 947 solae
458 908 582 967 quae
608 888 829 970 pietatis
856 887 1264 949 necessitudine
1300 886 1476 947 ductae
1511 886 1581 946 sd
1617 886 1724 946 hoc
1763 907 1906 968 pro-

60 977 295 1055 cedunt,
342 989 404 1040 ut
438 991 577 1062 puta
610 991 817 1055 mater3
862 982 1055 1043 nutrix
1095 1002 1322 1063 quoque
1363 990 1417 1041 et
1464 982 1590 1042 svis.
1629 990 1899 1063 possunt,

64 1082 247 1153 potest
288 1082 351 1133 et
380 1094 572 1147 soror·,
614 1074 713 1135 sed
752 1084 807 1135 et
849 1076 897 1135 si
941 1095 1057 1156 qus.
1094 1074 1206 1135 ulia
1251 1073 1458 1135 mulier
1494 1073 1695 1145 fuerit,
1740 1076 1905 1153 cujus

64 1176 271 1245 praetor
297 1186 644 1248 perpensam
682 1168 945 1249 pietatem
982 1166 1350 1239 intellexerit,
1385 1187 1502 1226 non
1540 1186 1706 1227 sexus
1739 1186 1902 1227 vere-

64 1258 335 1319 cundiam
359 1259 721 1341 ogredientis,
754 1260 849 1321 sed
882 1262 1086 1341 pietate
1114 1258 1428 1343 productoe,
1458 1279 1572 1319 non
1613 1257 1903 1319 continere

64 1352 337 1433 injurium
368 1353 745 1434 pupillorum,
776 1354 1030 1415 admittet
1048 1373 1175 1413 esm
1203 1352 1275 1413 ud
1303 1353 1732 1413 accusationem.

142 1457 207 1507 4.
238 1446 580 1527 Impuberes
616 1466 732 1507 non
763 1455 1003 1529 possunt
1036 1456 1250 1507 tutores
1278 1466 1410 1507 suos
1439 1455 1725 1528 suspectos
1762 1467 1898 1529 pos-

66 1536 270 1609 tulare3
304 1539 557 1619 puberes
585 1548 775 1601 autem
800 1548 1093 1601 curatores
1118 1558 1251 1599 suos
1277 1558 1345 1599 ex
1373 1539 1609 1599 consilio
1637 1560 1900 1600 necesss-

70 1634 279 1691 riorum
306 1642 597 1714 suspectos
628 1642 865 1715 possunt
901 1653 1172 1715 arguere,
1210 1640 1266 1693 et
1299 1634 1381 1692 its.
1421 1632 1532 1692 divi
1571 1632 1807 1694 Severus
1847 1642 1901 1693 et

78 1724 387 1789 Antoninus
416 1730 848 1809 rescripserunt.

153 1832 217 1881 5.
247 1822 551 1904 Suspectus
569 1832 758 1882 sutem
786 1829 899 1893 est,
931 1824 1028 1902 qui
1056 1842 1172 1882 non
1210 1842 1278 1883 ex
1313 1820 1424 1882 fide
1463 1820 1694 1882 tutelam
1725 1823 1894 1904 gerit,

72 1913 195 1977 licet
232 1916 501 1978 solvendo
538 1917 631 1990 sit,
682 1926 746 1976 ut
782 1916 1042 1977 Julianus
1078 1937 1302 1999 quoque
1347 1919 1649 2000 rescripsit.
1696 1916 1806 1977 Sed
1847 1926 1900 1979 et

72 2016 369 2091 antequam
396 2012 630 2091 incipiat
654 2009 889 2071 tutelam
917 2030 1111 2091 gerere
1146 2018 1326 2081 tutor,
1367 2029 1532 2090 posse
1567 2028 1698 2069 eum
1736 2011 1898 2089 quasi

72 2114 385 2183 suspectum
414 2106 691 2164 removeri
710 2103 858 2164 idem
876 2102 1136 2163 Julianus
1159 2105 1478 2185 rescripsit,
1510 2110 1564 2165 et
1587 2103 1898 2164 secundum

73 2216 189 2255 eum
218 2198 589 2257 constitutum
616 2206 719 2257 est.

142 2302 212 2350 ο.
261 2290 569 2399 Suspectus
614 2298 802 2351 sutem
849 2296 1135 2359 remotus,
1188 2287 1236 2347 si
1281 2286 1508 2370 quidem
1551 2286 1628 2347 ob
1672 2286 1892 2363 dolum,

76 2379 318 2443 famosus
347 2392 455 2454 est·
487 2385 535 2441 si
566 2382 639 2442 ob
668 2380 925 2463 culpam,
956 2402 1071 2441 non
1103 2401 1276 2462 aeque.

148 2486 213 2537 ⁸8.
237 2477 295 2537 Si
310 2478 441 2558 quis
450 2484 635 2537 autem
646 2485 937 2559 suspectus
947 2474 1282 2557 postulatur,
1297 2472 1482 2557 quoad
1491 2474 1736 2556 cognitio
1745 2474 1900 2535 finia-

80 2576 176 2641 tur,
204 2570 564 2631 interdicitur
584 2571 639 2632 ei
664 2571 1101 2644 administratio,
1129 2578 1192 2629 ut
1223 2569 1540 2650 Papiniano
1573 2570 1758 2629 visum
1787 2578 1889 2630 est.

150 2674 211 2725 8.
242 2664 351 2725 Sed
393 2666 441 2725 si
478 2666 721 2745 suspecti
758 2664 1001 2747 cognitio
1044 2674 1306 2746 suscepto.
1346 2663 1542 2738 fuerit,
1587 2672 1897 2745 postesque

81 2764 217 2817 tutor
240 2758 331 2819 vel
358 2767 583 2819 curator
608 2756 932 2831 decesserit,
964 2760 1309 2840 extinguitur
1345 2758 1590 2838 suspecti
1627 2758 1892 2839 cognitio.

148 2862 207 2911 9.
247 2853 307 2913 Si
352 2854 481 2935 quis
526 2860 677 2912 tutor
713 2856 939 2936 copiam
974 2854 1063 2913 sui
1102 2872 1220 2912 non
1269 2840 1472 2925 l'acist,
1521 2860 1583 2912 ut
1627 2852 1897 2912 elimenta

89 2944 285 3023 pupillo
326 2945 727 3019 decernuntur,
771 2954 999 3007 cavetur
1032 2942 1272 3027 epistole
1313 2944 1572 3005 divorum
1613 2946 1802 3005 Severi
1843 2954 1900 3007 et

90 3034 335 3098 Antonini
354 3084 369 3112 ,
428 3046 489 3100 ut
540 3041 601 3098 in
657 3040 1067 3120 possessionem
1116 3038 1404 3100 bonorum
1463 3040 1584 3119 ejus
1641 3038 1895 3121 pupillus

94 3132 347 3206 mittatur3
380 3141 434 3194 et
471 3152 595 3214 quie
621 3152 783 3192 mors.
816 3132 1097 3194 deteriora
1130 3134 1324 3200 futuru
1359 3143 1520 3207 sunt,
1554 3131 1686 3191 dato
1725 3152 1896 3193 curs-

100 3230 225 3297 tore,
253 3225 488 3286 distrahi
514 3226 813 3307 jubentur.
854 3226 1003 3308 Ergo
1046 3235 1108 3285 ut
1146 3234 1440 3310 suspectus
1478 3225 1755 3301 removeri
1791 3244 1896 3305 po-

104 3319 228 3391 terit,
256 3321 353 3401 qui
377 3338 491 3379 non
520 3328 749 3401 proestst
774 3319 1063 3381 elimenta.
1151 3400 1158 3407 ·
