2292 3684
284 80 388 134 5⁴2
461 94 577 135 om
605 93 746 136 msw.
777 96 824 135 c.
861 84 998 167 πφδ
1030 82 1155 136 479.
1194 94 1345 143 omn.
1376 92 1509 134 non.
1540 92 1666 133 oni..
1702 90 1992 134 τοιιιτσι.

285 196 644 256 novationem
658 195 930 277 proficere
949 196 1240 277 sponsoris
1259 194 1631 274 adjectionem
1646 199 1742 250 aut
1759 189 1971 250 deti-act
1980 192 2109 267 [at]-

278 291 486 350 ionem.

365 393 532 443 lvo.
567 382 726 454 Quod
753 390 941 443 antem
971 382 1242 455 diximus,
1279 385 1326 441 si
1363 380 1971 461 conditio-adjiciatur,
2000 399 2110 439 no-

278 478 561 535 vationem
587 475 738 550 fieri,
764 480 846 537 sio
871 474 1111 559 intelligi
1141 484 1388 557 oportet,
1422 484 1485 535 ut
1515 478 1596 535 ita
1623 475 1875 535 dicamus
1904 476 2109 534 saetam

284 571 688 643 novationem,·
710 573 759 629 si
797 570 1044 631 conditio
1087 572 1373 631 extiterit:
1420 569 1677 651 alioquin
1722 572 1773 629 ai
1816 567 2099 641 defecerit,

280 663 446 723 durat
467 666 630 744 prior
653 664 940 747 obligatio.
963 664 1071 725 Sed
1097 664 1386 724 videamus
1414 683 1556 723 num
1582 666 1631 723 is
1660 652 1761 744 qui
1786 682 1853 721 eo
1882 663 2109 721 nomine

281 765 440 837 agat,
472 756 588 818 doli
614 757 751 818 mali
780 768 875 818 aut
904 760 1052 839 pacti
1083 759 1341 817 conventi
1376 757 1701 837 exceptione
1736 757 1913 836 possit
1951 775 2109 814 sum—

284 849 513 909 moveri.
548 849 618 909 Et
647 848 864 910 videtur
897 852 1046 910 inter
1072 870 1169 910 eos
1197 848 1254 907 id
1281 856 1498 921 actum,
1524 857 1589 908 ut
1612 850 1691 906 ita
1724 868 1792 907 ea
1830 866 1916 906 res
1950 856 2109 927 pete-

280 951 463 1015 retur,
496 945 544 1002 si
575 946 898 1025 posterioris
927 943 1304 1025 stipulationis
1332 945 1572 1002 extiterit
1599 943 1859 1003 conditio.
1888 943 2108 1001 Servius

284 1046 472 1096 tamen
513 1037 795 1119 Sulpicius
824 1040 1159 1098 existimavit
1187 1040 1373 1097 statim
1402 1046 1455 1097 et
1483 1038 1762 1118 pendente
1793 1035 2109 1097 conditione

286 1130 645 1189 novationem
693 1130 842 1203 fieri,
893 1138 981 1201 et,
1033 1132 1080 1188 si
1134 1128 1399 1189 defecerit
1450 1128 1696 1189 conditio
1735 1175 1750 1199 ‚
1795 1149 1865 1187 ex
1910 1136 2109 1190 neutra

283 1239 454 1280 causa
480 1223 572 1302 agi
599 1241 790 1302 posse,
817 1240 992 1302 eoque
1011 1220 1183 1282 modo
1204 1240 1323 1280 rem
1346 1222 1548 1301 perire.
1574 1219 1682 1291 Qui
1703 1229 2110 1301 consequenter

283 1322 339 1372 et
373 1311 514 1372 illud
545 1312 860 1393 respondit,
893 1316 940 1371 si
968 1315 1094 1393 quis
1121 1312 1180 1371 id
1208 1310 1359 1393 quod
1400 1310 1508 1370 sibi
1546 1313 1745 1371 Lucius
1786 1311 1967 1371 Titius
2008 1310 2110 1369 de-

283 1406 465 1479 beret,
500 1427 534 1465 a
568 1427 728 1467 servo
771 1406 936 1466 fuerit
971 1404 1295 1487 stipulatus,
1328 1408 1687 1465 novationem
1724 1406 1875 1480 fieri,
1908 1416 2110 1465 ettam

282 1502 501 1580 perire,
539 1503 671 1581 quia
711 1520 839 1561 eum
886 1520 1047 1560 servo
1091 1502 1185 1581 agi
1224 1520 1340 1559 non
1384 1506 1583 1579 potest.
1618 1500 1726 1559 Sed
1766 1502 1824 1558 in
1871 1510 2111 1579 utroque

280 1611 413 1650 casu
443 1590 554 1650 alio
575 1594 706 1671 jure
735 1594 970 1655 utimur.
1001 1592 1122 1651 Non
1164 1594 1344 1673 magis
1383 1592 1469 1650 bis
1504 1591 1729 1651 casibus
1766 1594 1991 1653 novatio
2018 1591 2109 1663 fit,

284 1702 454 1767 quain
494 1685 542 1742 si
578 1682 638 1742 id
675 1683 827 1764 quod
865 1694 924 1743 tu
964 1684 1102 1764 mihi
1143 1683 1375 1756 debens,
1408 1704 1439 1743 a
1471 1686 1801 1765 peregrino,
1830 1705 1962 1744 cnm
1999 1704 2115 1765 quo

283 1792 524 1855 sponsus
552 1778 878 1835 communio
911 1795 1024 1834 non
1059 1784 1168 1849 est,
1200 1794 1425 1838 stomuns
1450 1776 1622 1838 verbo
1650 1776 1953 1857 stipulatus
1980 1778 2111 1836 sim.
