2292 3684
195 134 341 175 susr.
373 132 512 175 isar.
553 134 606 173 ι..
633 134 722 189 ιιι,
749 134 802 175 τ.
829 135 934 177 xu.
975 135 1048 176 na
1075 134 1535 179 succussxomnus
1562 136 1838 180 susm-ris.
1882 126 1973 179 43⁴

240 246 307 297 4.
337 236 497 295 Tunc
523 238 904 296 constitutioni
929 236 1114 297 locum
1143 258 1265 299 esse
1294 236 1471 299 verba
1497 239 1821 313 ostendunt,
1853 262 1982 301 cum

165 348 331 389 nemo
367 348 652 391 successor
691 328 764 389 ab
804 331 1068 389 intestato
1104 332 1303 391 existat
1337 353 1349 390 ε
1385 352 1548 413 ergo,
1583 333 1852 413 quamdiu
1889 336 1985 392 in-

165 428 378 481 certum
407 423 511 481 erit
552 427 742 480 utrum
777 421 974 479 existat
1001 440 1076 481 an
1105 442 1247 496 non,
1280 422 1519 484 cessabit
1552 427 1900 495 constitutio;
1937 428 1985 483 si

163 522 379 574 certum
402 534 520 574 esse
538 515 766 593 coeperit
784 515 1070 575 neminem
1100 526 1308 591 extare,
1324 525 1459 579 tunc
1479 520 1585 577 erit
1602 520 1985 579 constitutioni

163 606 340 669 locus.
1870 660 1875 669 .

239 714 308 763 ὅ.
343 702 477 763 siis
507 706 604 783 qui
639 704 698 761 in
735 704 1021 785 integrum
1059 706 1276 765 restitui
1312 712 1519 785 potest,
1560 704 1895 767 abstinuerit
1927 726 1987 766 se

161 792 236 853 ab
265 793 590 867 hereditate,
622 798 877 875 quamvis
905 804 1088 877 potest
1118 799 1179 855 in
1207 800 1491 878 integrum
1533 800 1775 872 restitui,
1808 806 1991 879 potest

161 887 382 947 admitti
409 891 732 949 constitutio
773 900 826 951 et
861 890 1142 951 bonorum
1180 891 1422 952 addictio
1458 892 1597 951 fieri.
1632 890 1775 961 Quid
1812 912 1981 973 ergo,

160 983 242 1059 si,
291 988 418 1062 post
465 981 839 1043 addictionem
883 982 1209 1043 libertatum
1257 982 1771 1045 conservandarum
1816 1003 1988 1043 causa

159 1074 396 1145 factam,
427 1076 486 1132 in
517 1078 801 1157 integrum
829 1078 900 1134 sit
927 1076 1249 1167 restitutus?
1276 1079 1471 1156 Utique
1506 1096 1621 1135 non
1663 1078 1768 1135 erit
1794 1075 1983 1137 dicen-

161 1166 298 1226 dum
327 1170 577 1226 revocari
603 1167 917 1239 libertates,
952 1178 1076 1249 quoe
1101 1168 1277 1227 semel
1302 1170 1722 1248 competierunt.

239 1274 303 1323 ⁰.
343 1262 472 1320 Haec
498 1262 820 1321 constitutio
857 1260 1183 1321 libertatum
1222 1261 1560 1320 tuendarum
1597 1280 1767 1320 causa
1801 1262 1984 1321 intro-

159 1354 328 1415 ducta
355 1364 466 1425 est3
501 1373 668 1435 ergo,
704 1356 752 1413 si
781 1353 1066 1415 libertates
1093 1354 1263 1413 nullae
1298 1363 1431 1413 sunt
1458 1354 1623 1430 datoe,
1646 1364 1825 1416 cessat
1850 1374 1984 1415 con·

159 1449 386 1507 stitutio.
422 1447 568 1518 Quid
595 1468 756 1529 ergo,
790 1450 836 1508 si
871 1450 1028 1509 vivus
1064 1448 1279 1508 dederit
1317 1446 1629 1523 libertates,
1668 1449 1754 1509 vel
1791 1452 1988 1511 mortis

157 1562 352 1615 causa,
387 1548 470 1613 et,
505 1562 576 1601 ne
605 1541 674 1601 de
698 1542 806 1601 hoc
829 1550 1112 1622 quaeratur
1141 1551 1331 1603 utrum
1358 1544 1417 1602 in
1446 1542 1704 1603 fraudem
1744 1542 1989 1604 credito-

161 1656 290 1695 rum
316 1654 390 1693 an
423 1654 538 1695 non
566 1635 778 1697 factum
805 1637 908 1707 sit,
937 1634 1146 1699 idcirco
1172 1634 1345 1697 velint
1370 1636 1479 1699 sihi
1507 1636 1687 1697 addici
1716 1636 1888 1707 bona,
1913 1657 1988 1695 an

158 1729 426 1793 audiendi
463 1728 628 1791 sunt?
657 1730 726 1792 Et
751 1731 934 1809 magis
961 1738 1044 1789 est
1082 1738 1144 1791 ut
1178 1729 1363 1791 audiri
1399 1728 1667 1805 debeant,
1712 1731 1813 1791 etsi
1846 1728 1987 1793 defi-

157 1810 314 1887 ciant
340 1824 516 1885 verba
538 1824 973 1885 constitutionis.

239 1928 306 1978 1.
359 1915 466 1976 Sed
505 1934 636 1975 cum
683 1914 890 1973 multas
931 1914 1233 1975 divisiones
1282 1914 1557 1995 ejusmodi
1600 1918 1989 1977 constitutioni

153 2010 348 2071 deesse
388 2009 808 2089 perspeximus,
849 2005 966 2067 lata
1009 2014 1092 2067 est
1129 2027 1165 2066 a
1204 2006 1369 2066 nobis
1411 2007 1741 2088 plenissima
1778 2011 1986 2071 consti-

153 2104 296 2161 tutio
328 2100 440 2179 (l),
469 2103 532 2159 in
559 2120 732 2181 quam
769 2101 958 2161 multoe
986 2102 1201 2181 species
1228 2100 1439 2161 collatoe
1466 2110 1621 2173 sunt,
1660 2101 1866 2184 quibus
1890 2105 1987 2183 jus

151 2192 485 2273 hujusmodi
505 2195 871 2255 successionis
899 2192 1291 2275 plenissimum
1309 2205 1392 2255 est
1420 2194 1715 2269 effectum,
1747 2216 1888 2277 quas
1920 2217 1988 2257 ex

151 2290 284 2369 ipsa
308 2286 550 2349 lectione
577 2288 989 2349 constitutionis
1017 2294 1201 2368 potest
1230 2290 1359 2368 quis
1384 2307 1741 2369 cognoscere.

149 2440 266 2503 Τιτ.
301 2440 418 2505 XII.
450 2441 532 2500 Dr.
560 2458 968 2505 sucesssxomsus
1006 2459 1238 2503 sumans
1257 2485 1272 2512 ,
1310 2459 1421 2509 Qus
1450 2459 1667 2501 mnsam·
1696 2458 1794 2501 rsa
1820 2460 1985 2505 nono·

273 2555 386 2597 mm
411 2554 793 2609 vsxmnomsn,
825 2556 889 2595 Er
927 2554 998 2596 ax
1027 2554 1504 2597 scuaruscossucro
1542 2535 1859 2597 Cmumamo.

233 2666 412 2727 Erant
429 2674 562 2725 ante
583 2664 906 2745 praedictam
933 2666 1343 2726 successionem
1362 2664 1499 2725 olim
1526 2674 1581 2725 et
1599 2664 1721 2724 aliae
1740 2686 1842 2747 par
1858 2668 1989 2727 uni-

147 2762 474 2824 versitatem
513 2760 892 2823 successiones
927 2780 940 2817 ε
977 2760 1161 2841 qualis
1198 2760 1383 2823 fuerat
1422 2758 1708 2821 bonorum
1744 2764 1985 2840 emptio,

147 2874 280 2936 que
303 2853 376 2919 de
399 2851 568 2917 bonis
591 2850 860 2917 debitoris
887 2851 1193 2929 vendendis
1220 2873 1323 2932 per
1348 2851 1557 2917 multas
1584 2851 1851 2935 ambages
1870 2856 1990 2917 fue-

149 2957 244 3008 rat
284 2946 640 3017 introducta,
685 2954 742 3007 et
789 2954 924 3008 tunc
972 2945 1163 3013 locum
1200 2946 1458 3013 habebat
1502 2946 1730 3028 quando
1769 2949 1985 3029 judicia

151 3043 446 3105 ordinaria
473 3043 534 3101 in
563 3058 670 3100 usu
701 3037 951 3099 suerunt.
1506 3086 1516 3095 .

231 3135 341 3197 Sed
371 3153 500 3195 cum
527 3131 986 3207 extraordinariis
1006 3130 1213 3212 judicis
1243 3134 1537 3212 posteritas
1566 3151 1671 3194 usa
1710 3140 1817 3205 est,
1859 3132 1983 3193 ideo

1882 3270 1985 3282 -an-

211 3340 282 3405 (Ι)
307 3342 359 3388 L.
391 3342 576 3400 15,pr.,
601 3336 658 3401 ἓξ
679 3340 776 3393 bs,
805 3342 876 3393 0.,
905 3336 972 3383 De
997 3344 1175 3384 testam.
1207 3352 1410 3385 manum.
1438 3336 1551 3399 (vn,
1585 3341 1651 3395 ⁶3).
1694 3400 1705 3411 ·
