2292 3684
397 104 546 169 m'sr.
580 128 725 171 msr.
756 131 807 170 ι..
840 132 915 186 ιν,
946 132 998 171 τ.
1028 132 1123 173 xv.
1169 136 1238 175 ns
1265 134 1636 179 muamus-is.
1833 130 1864 179 6
1885 134 1938 181 39

632 1595 747 1653 Τιτ.
796 1594 905 1653 XV.
952 1596 1033 1653 De
1072 1615 1408 1657 mammem.

188 1712 457 1794 Sequitur
498 1722 558 1770 ut
604 1711 970 1791 dispiciamus
1002 1711 1073 1771 de
1111 1712 1448 1784 interdictis,
1489 1732 1586 1772 seu
1631 1712 1946 1773 actionibus

112 1826 239 1886 quie
263 1826 369 1887 pro
396 1805 488 1865 his
514 1816 861 1867 exercentur.
890 1806 1065 1865 Erant
1094 1812 1282 1865 antem
1311 1806 1606 1866 interdicta
1633 1806 1830 1866 formoe
1860 1815 1948 1865 at-

112 1918 227 1979 que
250 1903 643 1981 conceptiones
667 1901 971 1961 verborum
1000 1902 1209 1983 quibus
1238 1910 1445 1981 praetor
1471 1910 1568 1960 aut
1587 1900 1830 1982 jubebat
1848 1900 1950 1961 alis

106 1993 248 2075 quid
272 1992 426 2067 fieri,
456 2003 553 2055 ant
574 1993 709 2054 fieri
727 1994 1115 2075 prohibebat.
1151 1995 1300 2075 quod
1335 2004 1469 2054 tunc
1496 1995 1742 2055 maxims
1769 1994 1948 2054 faeie-

106 2086 225 2159 bat,
256 2106 390 2147 cum
422 2086 491 2146 de
518 2089 891 2167 possessione,
925 2094 1024 2146 aut
1056 2088 1218 2191 quasi
1251 2090 1628 2169 possessione,
1659 2088 1811 2146 inter
1841 2086 1948 2145 ali-

110 2198 253 2258 quos
270 2178 745 2241 contendebatur.

190 2283 253 2334 Ι.
289 2272 526 2331 Summa
561 2282 752 2333 aute-m
788 2273 987 2335 divisio
1024 2271 1455 2334 interdictorum
1481 2271 1604 2331 haee
1641 2280 1748 2345 est,
1797 2272 1948 2353 qnod

105 2373 201 2425 aut
239 2363 619 2445 prohibitoria
662 2374 825 2440 sunt,
873 2376 971 2426 aut
1016 2367 1394 2443 restitutoria,
1444 2374 1542 2424 aut
1579 2362 1946 2426 exhibitoria.

106 2457 487 2519 Prohibitoria
522 2468 681 2531 sunt,
724 2461 933 2542 quibus
966 2468 1114 2521 vetat
1159 2459 1373 2540 aliquid
1413 2458 1564 2531 fieri,
1611 2456 1782 2518 veluti
1829 2462 1943 2520 vim

106 2554 227 2612 sine
247 2552 383 2613 vitio
410 2552 745 2632 possidenti,
774 2554 863 2613 vel
884 2563 1174 2613 mortuum
1203 2551 1468 2611 inferenti
1494 2570 1607 2630 quo
1637 2551 1686 2610 ei
1710 2552 1807 2629 jus
1826 2559 1949 2612 erat

108 2645 422 2719 inferendi,
453 2644 540 2705 vel
574 2648 636 2705 in
665 2644 789 2705 loco
830 2666 989 2707 sacro
1020 2645 1314 2716 aedificsri,
1355 2643 1443 2705 vel
1475 2644 1536 2704 in
1564 2644 1800 2705 flumine
1834 2666 1946 2726 pu·-

106 2735 256 2799 blieo
281 2740 477 2820 ripave
511 2740 632 2818 ejus
664 2737 877 2819 aliquid
906 2739 1029 2799 fieri
1068 2759 1182 2819 quo
1208 2738 1372 2817 >pejus
1411 2738 1726 2816 navigetur.
1759 2738 1948 2799 Resti-

106 2834 315 2891 tutoria
340 2841 473 2892 sunt
490 2877 505 2903 ,
537 2831 746 2911 quibus
773 2834 985 2892 restitui
1006 2830 1220 2913 aliquid
1235 2830 1426 2911 jubet,
1458 2828 1629 2891 veluti
1658 2828 1942 2891 bonorum

107 2927 417 3004 possessori
452 2927 867 3005 possessionem
905 2946 1105 2985 eorum
1140 2944 1265 3005 quae
1298 2925 1426 3004 quis
1464 2944 1567 3003 pro
1603 2922 1810 2985 herede
1847 2934 1944 2985 aut

104 3035 211 3097 pro
236 3036 559 3099 possessore
588 3018 834 3098 possidet
861 3040 931 3079 ex
955 3040 1021 3079 ea
1050 3016 1386 3087 hereditate,
1424 3026 1520 3076 aut
1548 3036 1678 3076 cum
1699 3018 1863 3097 jubet
1891 3020 1943 3078 ei

102 3112 273 3189 quivi
300 3113 653 3191 possessione
676 3112 836 3171 fundi
864 3112 1112 3191 dejectus
1135 3112 1225 3183 sit,
1257 3112 1474 3171 restitui
1501 3114 1936 3190 possessionem.

102 3202 455 3263 Exhibitoria
482 3214 616 3264 sunt
646 3226 745 3284 per
767 3226 889 3287 quoe
910 3204 1076 3285 jubet
1101 3203 1384 3275 exhiberi,
1417 3202 1589 3263 veluti
1617 3224 1746 3263 eum
1779 3208 1940 3285 cujus

92 3294 170 3353 de
196 3295 453 3357 libertate
478 3299 690 3377 agitur,
724 3307 819 3357 aut
850 3298 1111 3358 iibertum
1141 3300 1230 3357 oui
1265 3308 1538 3378 patronus
1568 3318 1770 3376 operas
1791 3299 1944 3356 indi-

222 3406 227 3411 “
1594 3394 1660 3444 37
