2292 3684
0 40 71 83 rr.
114 40 168 83 ι..
210 40 272 96 ιι,
308 40 363 84 τ.
392 39 515 81 vm.
554 39 707 89 omn.
742 38 932 81 Auen.
964 38 1124 81 metr
1147 39 1259 81 vm.
1291 39 1422 97 nor«.
1462 24 1567 80 203

7 595 311 665 contrario,
338 613 536 655 omnes
566 613 655 654 res
684 594 899 674 pupillo
927 602 982 655 et
1009 593 1243 677 pupillae
1271 596 1392 660 sine
1422 603 1566 654 tuto—

0 688 178 745 »ritate
216 697 361 746 recte
398 688 521 746 dari
561 696 812 768 possunt.
847 686 1087 765 Ideoque
1124 690 1174 747 si
1209 685 1430 747 debitor
1459 707 1570 767 pu-

0 783 136 850 {vat‚
190 782 503 840 necessaria
552 791 635 840 est
682 780 924 841 debitori
975 784 1174 843 tutoris
1226 782 1562 853 auctoritas3

16 893 131 932 non
163 871 515 933 liberabitur.

2 987 69 1027 oe
116 970 283 1026 etiam
326 966 738 1026 evidentissima
786 968 1003 1027 ratione
1053 974 1323 1026 statutum
1379 976 1465 1027 est
1508 968 1568 1025 in

1 1062 128 1119 ione
156 1061 258 1140 (l),
290 1081 463 1141 quam
494 1061 564 1121 ad
591 1062 958 1122 Caesarienses
994 1062 1306 1134 advocatos,
1338 1081 1405 1122 ex
1432 1082 1571 1145 sug-

25 1152 374 1226 Triboniani,
431 1154 533 1212 viri
585 1155 1042 1225 eminentissimi,
1090 1154 1383 1236 quaestoris
1425 1156 1569 1215 sacri

0 1248 174 1318 1ostri‚
231 1246 714 1329 promulgavimus
758 1270 770 1306 ε
807 1269 920 1329 qua
958 1248 1292 1328 dispositum
1339 1255 1449 1320 est,
1492 1249 1568 1307 ita

0 1342 97 1398 tori
130 1338 215 1398 vel
244 1343 487 1399 curatori
519 1338 829 1399 debitorem
860 1341 1203 1421 pupillarem
1235 1341 1476 1411 solvere,
1512 1350 1571 1399 ut

0 1430 198 1491 licialis
225 1433 522 1506 sententia,
554 1433 676 1490 sine
704 1434 860 1490 omni
889 1432 1096 1492 damno
1130 1432 1435 1504 celebrata,
1460 1431 1568 1492 hoc

0 1533 47 1594 t;
80 1543 193 1605 quo
222 1523 542 1595 subsecuto,
567 1525 615 1583 si
642 1532 697 1583 et
715 1524 892 1603 judex
912 1528 1360 1605 pronuntiaverit
1388 1533 1444 1585 et
1467 1524 1572 1583 de-

4 1621 169 1691 uel-it,
202 1627 469 1700 sequatur
508 1619 837 1698 hujusmodi
871 1620 1210 1681 solutionem
1241 1620 1570 1701 plenissima

0 1816 125 1865 *tem
159 1804 321 1865 alitor
348 1825 521 1886 quam
549 1805 928 1886 disposuimus
957 1806 1162 1867 solutio
1190 1808 1340 1869 facta
1369 1811 1565 1883 suerit,

0 1919 31 1956 n
61 1908 249 1957 autem
290 1895 504 1957 salvam
540 1896 747 1957 habeat
784 1898 1036 1980 pupillus
1078 1909 1176 1958 aut
1211 1921 1281 1961 ex
1318 1922 1383 1961 ea
1412 1901 1567 1962 locu·
1585 1931 1609 1947 „-

0 2000 48 2063 .t‚
81 1999 135 2050 et
161 1989 343 2049 adhue
370 1991 627 2050 eamdem
656 1995 909 2073 pecuniae
941 2013 1224 2053 summam
1256 2004 1433 2075 petat,
1468 2016 1569 2077 per

0 2104 114 2143 iem
136 2083 251 2144 doli
273 2084 406 2143 mali
439 2088 644 2167 poterit
674 2084 1015 2146 submoveri.
1041 2086 1203 2158 Quod
1231 2091 1278 2147 si
1302 2100 1399 2149 aut
1420 2089 1568 2150 male

0 2179 142 2235 serit
183 2184 283 2236 aut
318 2177 468 2236 furto
520 2179 807 2249 amiserit,
848 2178 992 2238 nihil
1033 2180 1284 2261 proderit
1328 2181 1569 2242 debitori

0 2294 5 2328 ι
44 2272 327 2349 exceptio,
362 2268 457 2330 sed
495 2269 867 2331 nihilominus
896 2271 1286 2349 damnabitur,
1319 2278 1452 2356 quia
1481 2286 1566 2336 te-

0 2384 31 2424 e
70 2364 268 2423 tutoris
316 2365 672 2438 auctoritate,
713 2373 769 2425 et
801 2385 919 2426 non
955 2366 1267 2427 seeundum
1312 2377 1564 2433 nostram

0 2477 147 2516 »nem
176 2455 418 2517 solverit.

0 2572 17 2609 ι
57 2548 276 2610 diverso
306 2548 509 2631 pupilli
550 2549 636 2610 vel
675 2550 905 2631 pupillae
944 2532 1162 2613 soluere
1200 2554 1322 2613 sine
1366 2553 1565 2615 tutoris

0 2654 49 2705 te
79 2664 195 2705 non
224 2654 490 2726 possunt,
525 2648 659 2725 quia
687 2644 744 2704 id
780 2646 931 2727 quod
961 2645 1185 2707 solvunt
1229 2668 1346 2708 non
1374 2648 1436 2708 fit
1469 2669 1563 2709 ae-

0 2786 5 2809 ,
38 2759 169 2799 cum
201 2738 414 2799 scilicet
441 2738 652 2799 nullius
697 2743 783 2801 rei
816 2740 1083 2803 alienatio
1111 2744 1195 2803 eis
1221 2746 1342 2804 sine
1372 2746 1568 2804 tutoris

0 2841 53 2894 te
79 2851 348 2893 concessa
377 2841 476 2893 est.

0 2972 71 3029 ιιϊ.
114 2964 209 3029 ΙΧ.
240 2969 351 3027 Pan
378 2982 507 3037 Quas
534 2984 791 3027 ransonas
818 2986 968 3029 nonis
990 2985 1320 3037 Anomm'rua.

0 3078 131 3137 ·itnr
159 3075 325 3136 nobis
351 3096 467 3136 non
492 3073 680 3136 solum
708 3094 811 3158 per
842 3078 1254 3157 nosmetipsos,⁴
1269 3074 1365 3134 sed
1397 3076 1566 3134 etiam

0 3243 31 3294 s,
62 3237 136 3293 c„
155 3198 528 3286 1550]‚‚„·„.2.2‹.
553 3236 655 3300 (ιιι,
678 3235 779 3299 37).
