2292 3684
469 140 786 181 sttsT.1xST.
827 140 877 180 ι.
905 140 980 194 iv,
1021 140 1074 181 r.
1101 140 1182 181 vt.
1224 142 1295 182 na
1324 142 1671 183 Acrior-naus.
1892 130 1985 182 58⁴

240 256 359 315 vo.
383 243 650 318 Quoedam
663 244 909 302 actiones
927 245 1159 303 mixtam
1182 263 1410 305 causam
1434 243 1691 303 obtinere
1712 241 1992 312 videntur,

157 350 278 402 tam
303 342 363 400 in
393 359 514 399 rem
543 356 716 417 quam
754 337 815 395 iu
855 356 1158 416 personam
1188 358 1203 395 ι
1231 335 1414 417 qualis
1450 344 1535 396 est
1562 336 1789 395 familiae
1820 338 1997 395 ercis-

154 435 355 498 cundoe
397 436 573 505 actio,
606 452 728 513 quie
769 432 1036 511 competit
1063 431 1433 519 coheredibus
1469 424 1538 491 d'e
1568 430 1863 490 dividenda
1892 429 1999 489 he-

153 527 422 597 reditate3
455 528 588 585 item
621 524 914 584 communi
939 522 1272 595 dividundo,
1304 544 1426 603 quoe
1448 526 1597 583 inter
1624 542 1719 584 eos
1747 522 2008 583 redditur.

150 626 307 683 inter
325 640 466 703 quos
483 618 694 700 aliquid
711 638 1010 678 commune
1027 627 1130 689 est,
1156 627 1216 678 ut
1235 618 1291 677 id
1312 618 1619 689 dividatur3
1642 620 1777 677 item
1795 616 1998 676 finium

149 714 546 797 regundorum
567 759 581 783 ,
615 731 738 792 quse
767 712 913 770 inter
952 730 1047 770 eos
1075 713 1263 791 agitur
1290 714 1399 792 qui'
1416 710 1667 771 confines
1694 730 1861 792 agros
1896 709 2007 769 ha·

148 806 397 867 beut.1n
423 803 630 885 quibus
648 804 832 862 tribus
848 801 1076 881 judiciis
1094 804 1441 884 permittitur
1451 803 1632 883 judici
1646 848 1663 875 ,
1686 823 1808 863 rem
1834 801 2005 862 alicui

150 922 228 960 ex
260 895 638 979 litigatoribus
669 915 737 954 ex
769 894 924 954 bono
964 904 1017 955 et
1055 914 1215 977 aequo
1252 895 1576 974 adjudicare
1593 908 1621 969 ,’
1640 905 1725 967 et,
1756 898 1803 955 si
1831 897 2001 954 unius

149 1011 296 1074 pars
324 1008 676 1071 praegravare
705 986 1006 1058 videbitur,
1040 1008 1175 1048 eum
1200 990 1443 1051 invicem
1472 998 1624 1049 certa
1650 990 1894 1068 pecunia
1920 986 2003 1047 al-

155 1088 270 1146 teri
291 1079 690 1145 condemnare.
2038 1077 2046 1081 ⁴

243 1189 366 1239 21.
418 1176 629 1237 Omnes
672 1184 860 1235 autem
897 1177 1146 1237 actiones
1187 1174 1329 1237 vel
1314 1198 1373 1237 m
1409 1176 1679 1258 simplum
1723 1183 2001 1255 conceptui

158 1281 327 1343 sunt,
359 1269 491 1330 vel
473 1290 534 1329 m
563 1268 830 1349 duplum,
863 1268 993 1328 vel'
979 1291 1035 1329 m
1074 1268 1337 1350 triplum,
1370 1269 1502 1330 vel
1488 1291 1544 1329 in
1578 1267 2001 1371 quadruplum3

159 1364 405 1425 ulterius
433 1369 621 1422 autem
650 1359 808 1420 nulla
837 1364 982 1421 actio
1001 1361 1339 1422 extenditur.

248 1466 370 1517 n.
400 1456 464 1513 ln
495 1452 764 1534 simplum
793 1454 1028 1534 agitur:
1059 1451 1231 1513 veluti
1258 1474 1327 1515 ex
1354 1452 1717 1535 stipulatione
1734 1502 1751 1529 ‚
1780 1474 1848 1515 ex
1874 1475 2005 1515 mu-

157 1552 252 1609 tui
268 1548 522 1619 datione,
556 1565 625 1605 ex
656 1554 848 1627 empto
875 1545 1128 1618 vendito,
1159 1545 1339 1607 locato
1374 1546 1678 1620 conducto,
1709 1547 2005 1620 mandato,

161 1654 223 1704 et
247 1643 492 1723 deniqne
520 1660 590 1700 ex
615 1638 742 1701 aliis
771 1640 1164 1722 compluribus
1192 1644 1394 1702 causis.

248 1744 364 1796 28.
411 1734 478 1793 ln
515 1730 760 1813 duplum
803 1734 1024 1814 agimus
1075 1754 1089 1791 :
1138 1730 1312 1793 veluti
1356 1734 1493 1793 surti
1542 1753 1643 1794 nec
1692 1734 2007 1805 manifesti,

161 1830 361 1891 damni
399 1828 624 1907 injuriae
651 1846 720 1885 ex
745 1825 869 1907 lege
896 1824 1151 1907 Aquilia,
1184 1826 1422 1906 depositi
1450 1848 1517 1886 ex
1545 1826 1887 1908 quibusdam
1913 1849 2011 1888 ca-

163 1921 361 1990 sibun
385 1919 523 1979 item
547 1919 692 1979 servi
710 1919 988 1997 corrupti,
1012 1938 1136 1999 quoe
1163 1920 1430 1999 competit
1458 1920 1516 1976 in
1536 1916 1667 1977 eum
1695 1921 1857 1999 cujus
1876 1918 2012 1979 hor-

161 2024 288 2075 tatu
317 2010 620 2074 consiliove
657 2030 851 2072 servus
894 2010 1113 2071 alienus
1151 2009 1389 2092 fugerit,
1430 2020 1527 2071 aut
1563 2022 1866 2072 contumax
1905 2013 2011 2072 ad-

161 2128 364 2171 versus
403 2106 697 2167 dominum
725 2106 906 2165 factus
936 2113 1049 2177 est,
1087 2114 1187 2165 aut
1216 2104 1503 2165 luxuriose
1542 2108 1722 2166 vivere
1748 2110 2011 2187 coeperit,

163 2210 270 2263 aut
297 2200 538 2280 denique
567 2197 820 2279 quolibet
848 2197 1014 2257 modo
1038 2197 1283 2257 deterior
1312 2198 1491 2257 sactus
1511 2201 1581 2257 sit
1615 2220 1629 2257 ι
1667 2201 1725 2257 in
1771 2219 1886 2279 qua
1914 2220 2011 2261 ac-

164 2298 326 2356 tione
354 2294 525 2353 etiam
564 2312 761 2351 earum
790 2311 980 2351 rerum
1019 2310 1160 2372 quas
1204 2289 1473 2372 fugiendo
1510 2310 1703 2351 servus
1744 2288 2008 2367 abstulit,

165 2388 467 2449 aestimatio
492 2385 803 2447 deducitur.

255 2482 396 2541 Item
424 2500 494 2541 ex
509 2479 693 2561 legato
720 2478 872 2560 quod
899 2478 1321 2547 venerabilibus
1348 2480 1487 2541 locis
1511 2478 1769 2541 relictum
1787 2489 1869 2540 est
1885 2526 1901 2551 ,
1921 2499 2015 2541 se-

170 2574 430 2635 cundum
464 2594 530 2633 ea
559 2593 682 2653 quae
711 2592 884 2653 supra
905 2572 1153 2633 diximus
1178 2574 1291 2655 (1).

253 2680 368 2730 24.
407 2665 588 2747 Tripli
615 2684 774 2738 vero,
806 2685 938 2725 cum
965 2666 1199 2747 quidam
1227 2670 1505 2749 majorem
1528 2686 1657 2728 vere
1687 2667 2013 2728 aestimatio-

167 2766 264 2825 nis
291 2762 664 2843 quantitatem
693 2761 752 2818 in
780 2758 972 2819 libello
1005 2762 1395 2821 conventionis
1422 2761 1659 2821 inseruit
1678 2808 1693 2831 ,
1728 2770 1789 2821 ut
1817 2781 1883 2821 ex
1908 2760 2017 2820 hac

170 2873 349 2917 cansa
371 2854 638 2925 viatores,
669 2849 729 2909 id
757 2859 867 2924 est,
898 2858 1220 2911 executores
1247 2851 1430 2912 litium
1447 2900 1461 2926 ‚
1493 2853 1828 2935 ampliorem
1857 2872 2017 2912 sum-

173 2970 336 3011 mam
364 2944 750 3029 sportularum
778 2947 1010 3005 nomine
1035 2938 1331 3028 “exegerint
1364 2970 1378 3006 :
1411 2957 1547 3008 tunc
1584 2951 1737 3008 euim
1768 2947 1827 3007 id
1868 2947 2019 3029 quod

176 3052 418 3127 propter
443 3059 642 3101 eorum
670 3060 899 3101 cansam
926 3039 1202 3100 damnum
1231 3061 1431 3122 passus
1459 3040 1629 3101 fuerit
1647 3063 1803 3114 reus«,
1828 3044 1883 3100 in
1915 3044 2020 3101 tri-

177 3136 341 3219 plum
363 3133 440 3195 ab
469 3142 655 3195 actore
683 3141 1060 3213 consequetur
1078 3179 1093 3203 ‚
1119 3142 1181 3193 ut
1208 3135 1268 3194 in
1297 3133 1407 3195 hoc
1434 3133 1606 3217 triplo
1634 3144 1689 3194 et
1716 3133 2011 3215 simplum,

527 3278 648 3285 -.--—
655 3278 670 3283 —
677 3278 736 3284 ---

993 3278 1200 3285 *un—„⁴
1210 3276 1309 3285 ⁴⁴-..—
1318 3278 1695 3287 ---—--—-——-—-—-

245 3342 314 3407 (l)
353 3342 404 3393 L.
423 3344 500 3391 46,
530 3340 550 3385 ,ἦ
577 3346 622 3396 7,
652 3338 725 3394 C„
753 3338 820 3385 De
845 3343 975 3402 episc,
1005 3350 1050 3384 e!
1073 3340 1181 3387 cler,
