2292 3684
451 137 554 191 268
593 150 708 190 cm
737 150 880 191 msr.
911 149 1044 205 σαι,
1073 136 1132 203 35
1164 136 1419 191 ⁴56-264.
1462 148 1533 189 nn
1563 146 1765 189 neuun.
1790 145 1953 196 onst.
1996 142 2085 187 εἰ·
2121 140 2215 229 mi

533 260 697 311 156.
733 251 831 310 Sui
868 258 1058 310 autem
1090 260 1145 313 et
1173 250 1477 311 necessarii
1511 246 1745 309 heredes
1783 254 1915 306 sunt
1944 244 2129 307 velut
2168 244 2215 303 fi

449 341 665 414 filiave,
698 361 873 423 nepos
895 348 1149 423 neptisve
1177 361 1246 403 ex
1272 340 1426 412 filio,
1458 340 1722 420 deinceps
1754 340 1953 412 ceteri,
1991 338 2117 419 qui
2148 354 2215 394 m

448 435 507 494 in
533 443 804 515 potestate
827 438 1118 495 morientis
1152 436 1399 497 fuerunt.
1435 432 1540 495 Sed
1564 436 1646 493 uti
1670 452 1843 513 nepos
1862 434 2155 511 neptisve
2186 447 2215 490 ει

448 525 612 586 heres
637 528 731 602 sit,
764 548 879 588 non
909 526 1118 588 sufficit
1145 548 1277 589 eum
1306 531 1362 587 in
1393 530 1663 609 potestate
1687 526 1776 583 avi
1802 524 2007 583 mortis
2043 530 2215 603 temp

451 618 624 679 fuisse
642 667 657 692 ,
688 620 784 680 sed
813 641 957 703 opus
985 629 1068 681 est
1093 630 1155 681 ut
1185 629 1346 703 peter
1374 640 1597 703 quoque
1624 625 1744 699 ejus
1762 664 1778 688 ,
1807 620 1933 677 vivo
1958 622 2151 698 putre
2182 636 2211 675 s

450 711 676 773 desierit
703 735 836 775 suus
865 714 1026 775 heres
1053 734 1208 788 esse,
1240 724 1340 775 aut
1374 724 1554 775 morte
1589 716 1961 794 interceptus,
2007 720 2129 770 aut
2176 730 2215 864 «p

447 806 586 868 libet
614 810 832 868 ratione
858 807 1130 891 liberatus
1163 816 1469 893 potestate:
1500 818 1621 869 tum
1646 810 1796 868 enim
1824 821 2013 888 nepos
2048 814 2207 886 nept

450 902 508 959 in
541 900 725 961 locum
755 904 842 961 sui
872 904 1050 984 patris
1079 902 1407 963 succedunt.
1460 910 1625 963 152.
1656 900 1765 961 Sed
1799 900 1886 960 sui
1914 898 2179 981 quidem

449 993 610 1054 redes
646 993 771 1055 ideo
813 995 1207 1078 appellantur,
1249 992 1385 1079 quia
1420 996 1711 1056 domestici
1752 993 1993 1055 heredes
2041 1002 2215 1071 amnt¹

451 1090 573 1149 vivo
600 1110 825 1173 quoque
861 1099 1096 1173 parente
1133 1090 1555 1174 quodammodo
1594 1088 1811 1150 domini
1846 1090 2215 1149 existimanti

450 1181 600 1241 unde
629 1185 829 1254 etiam,
869 1186 917 1242 si
955 1186 1082 1265 quis
1118 1186 1416 1243 intestatus
1456 1190 1712 1243 mortuus
1750 1184 1853 1254 sit,
1892 1182 2106 1262 prima
2142 1200 2215 1239 ca

450 1278 610 1335 estin
634 1279 983 1337 successione
1010 1276 1337 1337 liberorum.
1364 1275 1677 1337 Necessarii
1694 1294 1827 1336 vero
1850 1274 1981 1335 ideo
2002 1268 2215 1335 dicuni

449 1370 584 1449 quia
631 1366 986 1441 omnimodo,
1031 1369 1208 1449 (sive)
1247 1368 1449 1439 velint,
1495 1368 1668 1449 (51)oe
1709 1364 1959 1443 (nolint,
2020 1368 2214 1447 tam]

451 1462 745 1533 intestato,
777 1482 950 1543 quam
992 1482 1059 1521 ex
1097 1470 1432 1521 testamento
1460 1460 1700 1521 heredes
1726 1459 1888 1521 finnt.
1982 1470 2169 1522 158.
2204 1446 2215 1519 i

445 1546 538 1611 his
567 1563 772 1633 proetor
798 1554 1072 1635 permittit
1099 1553 1388 1613 abstinere
1420 1574 1479 1613 se
1518 1552 1591 1613 ab
1630 1552 1969 1623 hereditate,
2007 1563 2085 1612 ut
2124 1561 2215 1633 pot

444 1650 700 1727 parentis
728 1646 1165 1707 bonaveneant.
1257 1654 1417 1708 15¹).
1450 1644 1643 1707 Idem·
1620 1646 1769 1725 juris
1789 1655 1871 1706 est
1891 1656 1944 1705 et
1968 1646 2089 1726 (in)
2120 1664 2215 1705 ux«

451 1759 693 1850 persona
717 1760 840 1822 quae
867 1742 926 1800 in
957 1744 1131 1800 manu
1166 1748 1281 1813 est,
1313 1742 1449 1821 quia
1474 1740 1603 1800 filiae
1630 1739 1753 1801 loco
1790 1748 1898 1813 est3
1940 1750 1997 1801 et
2024 1742 2097 1799 in
2130 1761 2214 1821 nu¹

449 1854 572 1915 quae
601 1834 663 1893 in
679 1854 866 1901 ,manu
893 1832 995 1892 filii
1036 1844 1153 1905 est,
1192 1836 1325 1915 quia
1365 1835 1549 1913 neptis
1587 1834 1709 1894 loco
1752 1822 2214 1921 est.1oo.Q]

449 1929 618 1987 etiam
645 1925 905 1986 similiter
933 1925 1251 1985 abstinendi
1282 1936 1617 2007 potestatem
1648 1925 1781 1987 facit
1802 1934 2014 2013 proetor
2042 1928 2215 1985 etiam

447 2022 546 2101 qui
573 2022 635 2079 in
663 2039 835 2079 causa
861 2022 1136 2103 mancipii
1163 2030 1271 2095 est,
1304 2020 1362 2079 id
1396 2029 1479 2080 est
1506 2022 1859 2101 mancipato,
1900 2040 2031 2081 cum
2066 2018 2215 2079 libes

447 2112 614 2173 heres
658 2114 947 2173 institutus
995 2115 1099 2183 sit3
1152 2134 1282 2173 cum
1331 2115 1712 2187 necessarius,
1762 2134 1879 2173 non
1933 2115 2119 2174 etiam
2168 2130 2215 2173 st

449 2204 612 2264 heres
639 2207 738 2273 sit,
769 2213 1064 2313 tamquam
1088 2224 1303 2267 servus.

533 2308 692 2359 101.
725 2298 904 2357 Ceteri
945 2301 1040 2379 qui
1079 2300 1363 2359 testatoris
1395 2299 1516 2383 juri
1555 2298 1795 2382 subjecti
1830 2319 1950 2358 non
1991 2306 2162 2373 sunt,
2200 2308 2215 2359 t

427 2391 629 2451 aranei
652 2390 888 2451 heredes
920 2389 1304 2472 appellantur.
1340 2392 1533 2473 Itaque
1564 2390 1729 2451 liberi
1749 2412 1978 2474 quoque
1996 2392 2215 2451 nostri«

449 2485 510 2543 in
551 2490 820 2564 potestate
856 2494 1052 2545 nostra
1090 2505 1205 2544 non
1251 2494 1415 2553 sunt.
1457 2484 1693 2545 heredes
1730 2506 1765 2545 a
1805 2485 1973 2545 nobis
2012 2487 2215 2553 institu

449 2579 592 2639 sicut
617 2582 868 2639 extranei
896 2579 1174 2640 videntur.
1214 2578 1335 2651 Qua
1370 2578 1441 2639 de
1480 2600 1651 2639 causa
1680 2587 1736 2639 et
1769 2582 1868 2660 qui
1905 2599 1940 2639 a
1974 2578 2215 2649 muti-eh

449 2671 609 2732 redes
625 2675 1014 2747 instituuntur
1039 2672 1238 2733 eodem
1256 2693 1493 2733 numero
1512 2682 1662 2747 sunt,
1679 2676 1817 2757 quia
1838 2674 2065 2733 feminee
2081 2673 2215 2733 libel

449 2766 509 2825 in
539 2772 808 2843 potestate
836 2785 952 2825 non
980 2764 1212 2826 habent.
1246 2766 1401 2825 Servi
1431 2786 1690 2848 quoque,
1723 2769 1816 2826 cui
1850 2786 1982 2827 cum
2024 2756 2215 2827 libert&

448 2855 680 2917 heredes
723 2859 961 2917 instituti
1009 2866 1142 2918 sunt
1190 2866 1247 2917 et
1296 2865 1492 2938 postea
1546 2879 1579 2918 a
1634 2858 1868 2918 domino
1917 2846 2215 2919 manumisi

451 2948 644 3009 eodem
671 2969 910 3011 numero
935 2949 1239 3013 habentur.
